3268 4906
430 149 474 222 Da
522 127 656 221 ναί-ιι)
704 115 899 208 [heleseu
922 125 1045 206 .-.151
1079 123 1246 246 iiiii-‘⁸³
1277 115 1536 202 ismarus..

1126 232 1134 258 1

438 303 445 320 ·
530 305 554 353 1.
600 303 710 352 mnnx
731 303 1061 354 consummarunt.
1346 287 1386 352 23

202 475 237 540 in
266 471 534 560 ‘abhandlungen
566 475 623 542 der
638 475 884 560 ‚koeniglichen
922 473 1133 558 gesellschaft
1164 472 1223 538 der
1251 473 1388 540 wissen-

203 578 352 645 schaften
373 600 413 644 nu
435 579 639 663 Suettingen.
669 581 707 644 T.
733 580 789 646 VI.
814 601 847 664 p.
874 581 1002 644 3-37.

306 698 333 752 p.
354 683 463 736 3-17,
483 682 518 737 de
540 676 735 754 hypothisibns
757 682 958 751 tragoediarum
984 679 1120 752 Aeschyli.
1163 697 1190 751 p.
1213 683 1332 734 17-26.
1353 680 1387 734 de

238 768 404 836 argumentis
422 767 576 824 fabularum
594 767 675 839 Soph.
696 769 741 822 Ai.
761 768 805 822 El.
827 767 883 822 00.
903 767 972 824 Phil.
993 767 1053 824 ΟΒ.
1099 785 1127 838 p.
1148 767 1267 822 21-25.
1290 766 1323 820 de
1341 781 1386 818 ar-

237 854 372 924 gumentis
399 853 553 909 iaburlsrum
570 855 696 926 Euripid.
733 873 760 927 p.
781 858 903 908 28-37.
932 855 1000 927 quid
1016 853 1167 924 Aeschylus
1191 860 1219 905 et
1240 850 1386 923 Sophocles

236 937 390 994 industriae
407 939 597 1010 Aristophanis
615 940 740 1012 Byzantii
761 941 887 996 debeant.

291 1031 361 1090 171.
386 1034 552 1102 Wagner,
576 1027 662 1093 Guil.
688 1029 787 1095 ueber
810 1028 918 1094 disin
941 1026 1004 1093 den
1022 1025 1224 1111 hypothesen
1247 1023 1386 1108 griechi-

202 1147 236 1192 sc
260 1149 294 1194 er
316 1127 447 1195 dtamen
476 1130 684 1198 euthaltenen
706 1130 983 1215 zahlenangaben.
1015 1131 1066 1194 in:
1109 1127 1285 1194 zeitschrift
1313 1127 1385 1192 iuer

201 1231 626 1302 alterthumswissenschaft.
656 1237 749 1301 1853.
773 1255 805 1320 p.
833 1235 1028 1299 299-311.

289 1337 361 1400 172.
386 1344 506 1412 wolff,
532 1337 706 1404 Gustavus.
731 1338 773 1404 de
796 1336 963 1422 Sophoclis
986 1335 1178 1401 scholiorum
1193 1331 1385 1400 Laurentia-

199 1456 311 1502 nomm
333 1439 433 1505 variis
454 1440 655 1506 lectionibus.
681 1441 813 1525 Lipsiae
838 1442 932 1505 1843.
964 1439 1169 1523 (Roessling.)
1196 1440 1239 1503 8⁰.

303 1557 329 1593 v.
350 1557 431 1610 supra
448 1559 489 1594 nr.
512 1543 570 1595 168.

288 1627 359 1698 173,
384 1634 596 1703 wunnerus,
630 1627 812 1696 Eduardus.
849 1627 890 1695 de
924 1628 1115 1695 scholiorum
1147 1627 1181 1692 in
1215 1625 1383 1712 Sophoclis

197 1728 382 1811 tragoedias
403 1732 592 1798 anctoritate
615 1731 891 1799 commentationis
913 1731 1072 1818 particula
1086 1732 1112 1797 I.
1138 1732 1249 1814 Progr.
1269 1749 1380 1816 gymn.

198 1831 313 1897 illustr.
341 1832 503 1901 Grimmae
529 1833 621 1900 1838.
647 1840 690 1900 4⁰.
717 1837 757 1900 38
774 1857 829 1922 pp.

300 1953 325 1988 v.
346 1952 436 2007 supra.
457 1954 498 1991 nr.
521 1939 578 1992 168.
601 1939 658 1991 172.

197 2125 245 2172 xl.
292 2125 338 2174 DE
365 2125 472 2176 REBUS
500 2125 646 2176 mvnsrs:
687 2127 733 2175 Dll
755 2127 900 2176 omens
923 2127 1085 2176 nomon
1108 2127 1191 2187 Qum
1220 2123 1381 2174 sensnm*

682 2231 908 2280 SOPHOOLES.·

300 2348 470 2414 Schmidt,
490 2348 575 2422 Ephr.
594 2351 612 2404 J
614 2392 619 2404 .
635 2350 768 2405 Gottheli.
789 2351 823 2405 de
841 2351 951 2406 notione
969 2350 1019 2404 iuti
1036 2350 1065 2404 in
1084 2347 1209 2421 Sophocl.
1229 2347 1378 2417 tragoediis

231 2441 257 2486 et
273 2433 433 2503 fragmentis
460 2453 594 2508 expressa.
622 2436 718 2506 Progr.
746 2436 831 2491 schol.
855 2436 1004 2492 Portensis.
1032 2436 1065 2490 P.
1086 2435 1109 2492 1.
1131 2437 1206 2488 1821.
1227 2434 1264 2488 4⁰.
1286 2435 1318 2486 28
1330 2450 1376 2504 pp.

232 2516 369 2590 lLipsiae).
388 2551 423 2561 -
441 2519 596 2588 Schwab,
617 2522 650 2577 G.
672 2523 706 2576 de
724 2522 855 2592 religione
875 2522 956 2594 Soph.
977 2521 1111 2578 rationali.
1137 2521 1212 2576 Pars.
1234 2519 1256 2573 l.
1277 2519 1374 2590 Progr.

230 2619 351 2674 gymnas.
372 2606 516 2677 stuttgart.
540 2611 615 2662 1520.
635 2607 670 2662 4⁰.
700 2639 735 2648 —
761 2608 914 2675 Steiner,
945 2609 970 2663 J.
996 2609 1029 2662 L.
1057 2607 1110 2662 Gu.
1141 2608 1226 2661 ueber
1250 2605 1293 2659 die
1315 2605 1376 2658 ides

230 2690 277 2744 des
295 2689 377 2763 Soph.
402 2712 456 2748 von
480 2695 528 2748 der
550 2694 716 2763 goettlichen
733 2696 897 2764 vorsehung.
918 2694 1003 2749 Abth.
1023 2694 1046 2748 I.
1066 2694 1162 2763 Progr.
1183 2708 1275 2764 gymn.
1295 2689 1377 2744 Znel·

229 2774 317 2831 liehau
337 2779 413 2832 1829.
432 2783 470 2833 4⁰.
493 2783 522 2834 17
535 2797 581 2852 pp.
594 2811 630 2820 -
646 2780 826 2847 Thiersch,
847 2780 947 2836 Bernh.
964 2780 1061 2834 ‘ueber
1072 2780 1121 2835 das
1137 2778 1271 2834 schiclrssl
1283 2778 1312 2831 in
1324 2778 1378 2832 den

228 2862 414 2932 griechischen
431 2863 605 2935 tragoedieu.'
625 2867 669 2922 in:
691 2867 822 2924 Seebods.
842 2867 878 2922 N.
898 2865 1000 2922 Archiv
1018 2866 1037 2923 1.
1057 2865 1156 2921 Philol.
1178 2864 1218 2919 lv
1238 2871 1270 2926 la.
1289 2866 1375 2932 1826.)

225 2963 254 3018 p.
276 2951 323 3003 128
337 2967 396 3022 sqq.
422 2982 457 2991 —
479 2953 656 3020 Wissowa,
683 2955 756 3024 Aug.
781 2954 866 3008 ueber
890 2953 933 3007 die
960 2952 1019 3006 idee
1044 2952 1092 3005 des
1110 2949 1258 3005 sohicksals
1275 2949 1305 3004 in
1323 2950 1377 3004 den

227 3035 385 3105 tragoedien
408 3037 456 3092 des
478 3037 560 3110 Soph.
590 3039 638 3094 Th.
659 3039 681 3092 I.
708 3040 803 3110 Progr.
823 3055 915 3110 gymn.
942 3035 1375 3094 Iaobschueta1830.'l'heilll.

228 3117 295 3175 ibid.
317 3125 391 3176 1833.

281 3228 352 3290 171.
376 3234 548 3293 neuhofen
561 3251 627 3294 von
640 3239 744 3306 heht,
767 3229 914 3296 Carolus.
932 3229 973 3296 de
989 3228 1157 3314 Sophoclis
1172 3227 1377 3294 intinctione

192 3325 331 3395 Traiecti
354 3328 397 3394 ad
418 3331 565 3396 Rhenum
590 3335 682 3424 1865.
1284 3389 1287 3398 .

280 3434 352 3497 175.
377 3441 512 3510 Dinaea,
533 3435 617 3502 Phil.
636 3435 676 3502 de
692 3435 750 3502 fati
765 3436 851 3523 apud
867 3435 966 3520 Soph.
985 3437 1119 3502 ratione.
1145 3431 1256 3518 Progr.
1282 3453 1376 3518 gym-

192 3551 262 3597 nas.
287 3533 404 3600 Neues.
433 3538 525 3602 1836.
553 3541 596 3604 8⁰.
625 3543 662 3604 17
678 3561 734 3625 pp.

281 3639 353 3702 176.
378 3647 530 3717 morke,
554 3641 594 3707 G.
631 3642 684 3708 die
705 3643 879 3727 religidse'n
901 3642 967 3708 und
997 3641 1159 3708 sittlichen
1181 3639 1375 3708 vorstellun-

191 3757 255 3821 gen
277 3739 335 3806 des
356 3740 537 3828 Aeschylus
559 3744 625 3810 und
647 3744 834 3832 Sophocles.
859 3745 994 3831 Leipzig
1018 3746 1111 3810 1861.
1144 3745 1188 3809 8⁰.

242 3927 251 3981 1
296 3845 486 3982 coamentetio
506 3847 648 3917 separatim
666 3847 739 3902 edita
757 3867 805 3903 ex:
825 3845 1010 3903 Jahrbuecher
1027 3847 1047 3902 1.
1067 3847 1165 3902 Philol.
1185 3845 1222 3908 N.
1241 3843 1274 3898 F.
1301 3841 1372 3913 Sup-

224 3943 304 3998 pem.
367 3971 373 3985 .

280 4018 351 4080 177.
376 4025 553 4094 muger,
577 4019 649 4085 Gar.
675 4021 743 4088 Jos.
773 4022 815 4090 de
842 4021 902 4088 fati
930 4021 1019 4108 apud
1041 4019 1139 4106 Soph.
1170 4017 1301 4084 notione
1322 4014 1373 4079 in·

190 4115 267 4184 dole
285 4119 327 4184 vi.
356 4119 442 4186 Part.
467 4122 494 4186 1.
519 4121 654 4190 Dissert.
680 4123 791 4208 inaug.
817 4125 958 4194 Berolini
983 4128 1075 4191 1852.
1101 4124 1145 4187 8⁰.
1171 4125 1209 4186 61
1228 4139 1285 4205 pp.

293 4221 441 4292 disputatio
459 4222 613 4278 universam
629 4242 687 4280 rem
706 4244 768 4280 cum
785 4235 894 4294 trecoet,
914 4229 949 4284 ad
965 4236 1056 4300 partes
1075 4223 1195 4294 singulas
1215 4239 1277 4276 raro
1294 4237 1372 4274 revo-

230 4313 320 4360 catur:
340 4314 463 4362 venatur
479 4310 595 4364 maxime
617 4310 646 4366 in
664 4309 796 4368 iurimum
814 4321 910 4370 natura
928 4311 1096 4386 explicanda.
