3268 4906
315 1541 601 1626 ultusultus
629 1539 808 1624 Glllllllll
834 1539 1105 1624 melcomus
1142 1541 1179 1624 S.
1207 1539 1246 1624 P.
1274 1539 1314 1622 Il.

307 2016 412 2118 Quem
440 2055 581 2116 extremo
609 2047 897 2133 lexioi.Sophoclei
917 2048 1114 2118 Ellendtiuni
1144 2049 1312 2132 fasciculo,
1345 2047 1400 2130 qui

225 2171 386 2257 superiore
402 2190 491 2254 enno,
508 2170 612 2238 editus
635 2176 694 2252 est,
713 2169 939 2236 subiuncturus
967 2189 1054 2236 eram
1077 2177 1280 2256 conspectum
1313 2187 1400 2236 com-

224 2291 453 2358 mentationum
476 2290 517 2356 de
538 2289 707 2376 Sophoclis
730 2289 848 2356 subulis
871 2289 1132 2374 conscriptorum,
1158 2289 1400 2374 ecoe‘singulo-

223 2433 290 2480 rem
322 2412 438 2478 librum
467 2409 587 2478 luctum
620 2416 653 2476 et
679 2430 763 2476 nuno
795 2409 928 2476 'tandem
965 2410 1051 2496 typis
1081 2391 1244 2478 excusum.
1263 2465 1270 2476 ,
1291 2409 1400 2492 Usque

223 2531 303 2600 odeo
325 2531 460 2598 materia
481 2531 595 2598 mirum
617 2536 769 2613 quantum
791 2535 886 2596 aucta
912 2549 985 2596 cum
1015 2530 1202 2615 prohibebat
1231 2529 1399 2614 quominus

222 2652 310 2720 brevi
345 2651 498 2736 temporis
520 2650 639 2736 spatio.
653 2651 859 2717 obsolverem
888 2671 972 2744 qnpe
994 2649 1237 2733 incohaveram,
1270 2657 1337 2716 tum
1364 2654 1399 2716 ut

222 2779 377 2840 mumrem
399 2771 484 2854 quod
505 2771 547 2836 ab
569 2770 659 2838 initio
682 2776 811 2838 secutus
833 2790 921 2838 eram
943 2770 1110 2837 consilium
1126 2772 1269 2856 cogebat·
1315 2769 1399 2868 llam

222 2894 264 2960 ab
286 2892 376 2959 initio
397 2891 431 2957 id
454 2898 576 2958 tuntum
599 2896 817 2976 spectaverom
839 2897 874 2956 ut
896 2909 1004 2956 eurum
1028 2891 1326 2958 commentationum
1347 2890 1400 2956 vel

221 3012 570 3080 dissertatiunculomm
592 3031 676 3094 queo
697 3010 740 3078 ud
762 3011 849 3076 locos
871 3009 993 3096 possim
1015 3011 1140 3097 inipso
1163 3012 1266 3078 lexico
1288 3010 1399 3077 ulteris

222 3133 305 3200 omis
328 3153 348 3198 u
370 3152 421 3198 me
443 3131 528 3198 edito
551 3131 661 3216 poullo
690 3131 869 3198 accuratius
898 3137 1051 3200 occutus
1080 3132 1292 3216 pertinerent,
1322 3129 1398 3213 quid

222 3275 287 3320 unu
308 3272 434 3336 quoque
461 3250 691 3332 contineretur,
717 3271 814 3334 quam
835 3251 1023 3318 brevissime
1042 3251 1230 3322 indicarem.
1282 3251 1398 3318 Verum
1490 3289 1497 3304 ι

224 3374 307 3440 enim
330 3392 407 3439 vero
430 3391 501 3438 cum
524 3371 770 3452 intellexissem,
803 3378 881 3454 quot
909 3371 1011 3439 libelli
1031 3371 1185 3458 perutiles
1207 3371 1250 3438 od
1273 3371 1399 3455 Sopho-

222 3493 281 3560 olis
303 3499 404 3560 ortem
427 3491 596 3558 dictionem
619 3511 733 3558 sensus
756 3490 948 3577 explicando
970 3491 1123 3576 incogniti
1144 3493 1297 3574 laterent,
1323 3497 1399 3573 quot

221 3612 391 3695 quotannis
420 3612 691 3680 conscriberentur
719 3611 766 3678 eis
796 3611 851 3694 qui
882 3611 916 3677 in
945 3611 1057 3680 eodem
1092 3618 1279 3696 argumento
1312 3609 1399 3677 houd

221 3733 306 3799 mule
333 3733 397 3799 ium
426 3731 698 3816 versationem,
735 3752 799 3798 non
827 3739 892 3798 tam
921 3732 1076 3818 neglectis
1105 3751 1202 3814 quam
1229 3730 1395 3822 ignoretis,

221 3858 344 3918 mumtu
379 3851 516 3918 instituti
554 3852 678 3919 rationo
714 3871 843 3938 operum
880 3851 954 3918 dedi
987 3859 1022 3919 ut
1057 3872 1167 3918 eurum
1203 3856 1398 3917 commento-

222 3971 344 4038 tionum
372 3991 455 4056 quae
483 3971 525 4038 do
554 3971 711 4058 Sophocle
739 3973 781 4038 ab
811 3993 841 4038 o.
865 3971 1165 4040 MDOCOXXXVI.
1196 3970 1336 4037 maxime
1364 3970 1398 4035 in

220 4091 393 4158 Germania
431 4091 538 4158 editoe
566 4098 674 4159 essent
701 4112 796 4176 quam
829 4092 1117 4178 locupletissimum
1153 4091 1289 4178 indicem
1319 4109 1399 4157 con-

121 4297 124 4307 Ι
219 4210 361 4293 licerem,
393 4218 429 4277 ut
454 4211 488 4278 in
509 4231 573 4278 uno
596 4211 690 4294 quusi
712 4220 886 4304 conspectu
908 4212 1070 4279 videretur
1091 4211 1168 4295 quid
1190 4218 1223 4278 et
1244 4217 1396 4295 quantum

219 4332 260 4396 ub
281 4350 320 4398 eo
342 4337 484 4418 tempore
508 4330 687 4418 Sophoclea
714 4330 821 4398 studio
849 4331 1072 4417 profecissent.
1119 4330 1248 4409 Quare
1270 4338 1395 4414 gratum
