<?xml version="1.0" encoding="UTF-8"?>
<!DOCTYPE html PUBLIC "-//W3C//DTD XHTML 1.0 Transitional//EN"
    "http://www.w3.org/TR/xhtml1/DTD/xhtml1-transitional.dtd">
<html xmlns="http://www.w3.org/1999/xhtml" xml:lang="en" lang="en">
 <head>
  <title>
</title>
<meta http-equiv="Content-Type" content="text/html;charset=utf-8" />
  <meta name='ocr-system' content='tesseract 3.04.00' />
  <meta name='ocr-capabilities' content='ocr_page ocr_carea ocr_par ocr_line ocrx_word'/>
</head>
<body>
  <div class='ocr_page' id='page_1' title='image "./indexcommentati01gentgoog_0021.png"; bbox 0 0 3268 4906; ppageno 0'>
   <div class='ocr_carea' id='block_1_1' title="bbox 240 73 1196 282">
    <p class='ocr_par' dir='ltr' id='par_1_1' title="bbox 240 73 1196 282">
     <span class='ocr_line' id='line_1_1' title="bbox 351 73 1196 194; baseline -0.07 3"><span class='ocrx_word' id='word_1_1' title='bbox 351 109 549 194; x_wconf 56' lang='lat' dir='ltr'><strong>meinric</strong></span> <span class='ocrx_word' id='word_1_2' title='bbox 607 158 611 166; x_wconf 84' lang='grc'><strong>.</strong></span> <span class='ocrx_word' id='word_1_3' title='bbox 800 93 896 160; x_wconf 48' lang='lat' dir='ltr'><strong>&amp;lustr</strong></span> <span class='ocrx_word' id='word_1_4' title='bbox 965 73 1196 174; x_wconf 47' lang='lat' dir='ltr'><strong>Sopitouiia</strong></span> 
     </span>
     <span class='ocr_line' id='line_1_2' title="bbox 240 191 1102 282; baseline -0.034 25"><span class='ocrx_word' id='word_1_5' title='bbox 240 219 258 282; x_wconf 69' lang='lat'><em>8</em></span> <span class='ocrx_word' id='word_1_6' title='bbox 567 234 591 280; x_wconf 92' lang='lat'><strong>1.</strong></span> <span class='ocrx_word' id='word_1_7' title='bbox 638 233 749 282; x_wconf 83' lang='lat' dir='ltr'><strong>runnx</strong></span> <span class='ocrx_word' id='word_1_8' title='bbox 772 191 1102 282; x_wconf 78' lang='lat' dir='ltr'><strong>cormeummoumr.</strong></span> 
     </span>
    </p>
   </div>
   <div class='ocr_carea' id='block_1_2' title="bbox 241 403 1432 1146">
    <p class='ocr_par' dir='ltr' id='par_1_2' title="bbox 241 403 1432 800">
     <span class='ocr_line' id='line_1_3' title="bbox 329 403 1431 490; baseline 0.001 -20"><span class='ocrx_word' id='word_1_9' title='bbox 329 403 396 470; x_wconf 69' lang='lat'><strong>59¹³.</strong></span> <span class='ocrx_word' id='word_1_10' title='bbox 422 411 562 478; x_wconf 85' lang='lat' dir='ltr'><strong>Wilms,</strong></span> <span class='ocrx_word' id='word_1_11' title='bbox 586 404 629 470; x_wconf 87' lang='lat' dir='ltr'><strong>M.</strong></span> <span class='ocrx_word' id='word_1_12' title='bbox 666 405 890 488; x_wconf 78' lang='lat' dir='ltr'>quaestionum</span> <span class='ocrx_word' id='word_1_13' title='bbox 912 405 1114 472; x_wconf 85' lang='lat' dir='ltr'><strong>metricorum</strong></span> <span class='ocrx_word' id='word_1_14' title='bbox 1136 403 1294 490; x_wconf 84' lang='lat' dir='ltr'><strong>particula</strong></span> <span class='ocrx_word' id='word_1_15' title='bbox 1314 405 1341 470; x_wconf 92' lang='lat' dir='ltr'><strong>I.</strong></span> <span class='ocrx_word' id='word_1_16' title='bbox 1381 403 1431 471; x_wconf 91' lang='lat' dir='ltr'><strong>De</strong></span> 
     </span>
     <span class='ocr_line' id='line_1_4' title="bbox 241 505 1432 594; baseline -0.001 -19"><span class='ocrx_word' id='word_1_17' title='bbox 241 528 451 594; x_wconf 88' lang='lat' dir='ltr'><strong>personarum</strong></span> <span class='ocrx_word' id='word_1_18' title='bbox 472 505 648 572; x_wconf 80' lang='lat' dir='ltr'><strong>mutatione</strong></span> <span class='ocrx_word' id='word_1_19' title='bbox 671 513 704 574; x_wconf 91' lang='lat' dir='ltr'><strong>et</strong></span> <span class='ocrx_word' id='word_1_20' title='bbox 725 527 745 573; x_wconf 91' lang='lat' dir='ltr'><strong>a</strong></span> <span class='ocrx_word' id='word_1_21' title='bbox 766 508 869 593; x_wconf 91' lang='lat' dir='ltr'><strong>poetis</strong></span> <span class='ocrx_word' id='word_1_22' title='bbox 891 508 1023 592; x_wconf 79' lang='lat' dir='ltr'><strong>tragicis</strong></span> <span class='ocrx_word' id='word_1_23' title='bbox 1044 515 1077 576; x_wconf 91' lang='lat' dir='ltr'><strong>et</strong></span> <span class='ocrx_word' id='word_1_24' title='bbox 1098 509 1140 574; x_wconf 93' lang='lat' dir='ltr'><strong>ab</strong></span> <span class='ocrx_word' id='word_1_25' title='bbox 1161 506 1376 592; x_wconf 77' lang='lat' dir='ltr'><strong>Aristophane</strong></span> <span class='ocrx_word' id='word_1_26' title='bbox 1397 507 1432 574; x_wconf 91' lang='lat' dir='ltr'><strong>in</strong></span> 
     </span>
     <span class='ocr_line' id='line_1_5' title="bbox 241 610 1426 696; baseline -0.002 -20"><span class='ocrx_word' id='word_1_27' title='bbox 241 612 389 677; x_wconf 87' lang='lat' dir='ltr'><strong>versibus</strong></span> <span class='ocrx_word' id='word_1_28' title='bbox 418 610 538 695; x_wconf 83' lang='lat' dir='ltr'><strong>dialogi</strong></span> <span class='ocrx_word' id='word_1_29' title='bbox 567 616 733 694; x_wconf 87' lang='lat' dir='ltr'><strong>usurpata.</strong></span> <span class='ocrx_word' id='word_1_30' title='bbox 766 612 874 696; x_wconf 85' lang='lat' dir='ltr'><strong>Progr.</strong></span> <span class='ocrx_word' id='word_1_31' title='bbox 907 631 1055 696; x_wconf 90' lang='lat' dir='ltr'><strong>gymnas.</strong></span> <span class='ocrx_word' id='word_1_32' title='bbox 1093 610 1306 680; x_wconf 86' lang='lat' dir='ltr'><strong>Duesseldorf</strong></span> <span class='ocrx_word' id='word_1_33' title='bbox 1333 613 1426 678; x_wconf 80' lang='grc'><strong>1855.</strong></span> 
     </span>
     <span class='ocr_line' id='line_1_6' title="bbox 242 700 424 800; baseline -0.022 -20"><span class='ocrx_word' id='word_1_34' title='bbox 242 720 286 780; x_wconf 81' lang='lat'><strong>4⁰.</strong></span> <span class='ocrx_word' id='word_1_35' title='bbox 309 700 353 778; x_wconf 80' lang='lat'><strong>&#39;32</strong></span> <span class='ocrx_word' id='word_1_36' title='bbox 369 735 424 800; x_wconf 89' lang='lat' dir='ltr'><strong>pp.</strong></span> 
     </span>
    </p>

    <p class='ocr_par' dir='ltr' id='par_1_3' title="bbox 275 815 1431 1146">
     <span class='ocr_line' id='line_1_7' title="bbox 344 815 1431 889; baseline 0 -19"><span class='ocrx_word' id='word_1_37' title='bbox 344 817 434 870; x_wconf 83' lang='lat' dir='ltr'><strong>Inest:</strong></span> <span class='ocrx_word' id='word_1_38' title='bbox 455 816 633 888; x_wconf 89' lang='lat' dir='ltr'><strong>prooemium.</strong></span> <span class='ocrx_word' id='word_1_39' title='bbox 654 832 712 886; x_wconf 90' lang='lat' dir='ltr'><strong>cap.</strong></span> <span class='ocrx_word' id='word_1_40' title='bbox 734 818 763 869; x_wconf 78' lang='lat'><strong>2:</strong></span> <span class='ocrx_word' id='word_1_41' title='bbox 789 833 843 886; x_wconf 90' lang='lat' dir='ltr'><strong>que</strong></span> <span class='ocrx_word' id='word_1_42' title='bbox 860 817 964 872; x_wconf 84' lang='lat' dir='ltr'><strong>ratione</strong></span> <span class='ocrx_word' id='word_1_43' title='bbox 982 833 1115 889; x_wconf 78' lang='lat' dir='ltr'><strong>personae</strong></span> <span class='ocrx_word' id='word_1_44' title='bbox 1132 823 1272 872; x_wconf 89' lang='lat' dir='ltr'><strong>mutentur</strong></span> <span class='ocrx_word' id='word_1_45' title='bbox 1289 816 1319 870; x_wconf 88' lang='lat' dir='ltr'><strong>iu</strong></span> <span class='ocrx_word' id='word_1_46' title='bbox 1336 815 1431 870; x_wconf 84' lang='lat' dir='ltr'><strong>trime-</strong></span> 
     </span>
     <span class='ocr_line' id='line_1_8' title="bbox 275 901 1429 974; baseline -0.001 -18"><span class='ocrx_word' id='word_1_47' title='bbox 275 912 317 956; x_wconf 86' lang='lat' dir='ltr'><strong>tro</strong></span> <span class='ocrx_word' id='word_1_48' title='bbox 335 901 451 956; x_wconf 92' lang='lat' dir='ltr'><strong>iambico</strong></span> <span class='ocrx_word' id='word_1_49' title='bbox 465 903 501 972; x_wconf 91' lang='lat' dir='ltr'><strong>(p.</strong></span> <span class='ocrx_word' id='word_1_50' title='bbox 516 903 631 966; x_wconf 85' lang='grc'><strong>3-20).</strong></span> <span class='ocrx_word' id='word_1_51' title='bbox 669 918 729 974; x_wconf 90' lang='lat' dir='ltr'><strong>cap.</strong></span> <span class='ocrx_word' id='word_1_52' title='bbox 750 903 779 954; x_wconf 85' lang='lat'><strong>3:</strong></span> <span class='ocrx_word' id='word_1_53' title='bbox 804 920 857 973; x_wconf 91' lang='lat' dir='ltr'><strong>qua</strong></span> <span class='ocrx_word' id='word_1_54' title='bbox 869 902 973 958; x_wconf 89' lang='lat' dir='ltr'><strong>ratione</strong></span> <span class='ocrx_word' id='word_1_55' title='bbox 990 920 1124 974; x_wconf 86' lang='lat' dir='ltr'><strong>personae</strong></span> <span class='ocrx_word' id='word_1_56' title='bbox 1136 909 1277 957; x_wconf 89' lang='lat' dir='ltr'><strong>mutentur</strong></span> <span class='ocrx_word' id='word_1_57' title='bbox 1295 903 1324 956; x_wconf 91' lang='lat' dir='ltr'><strong>in</strong></span> <span class='ocrx_word' id='word_1_58' title='bbox 1342 908 1429 956; x_wconf 87' lang='lat' dir='ltr'><strong>tetra-</strong></span> 
     </span>
     <span class='ocr_line' id='line_1_9' title="bbox 277 987 1429 1060; baseline -0.001 -18"><span class='ocrx_word' id='word_1_59' title='bbox 277 995 363 1042; x_wconf 89' lang='lat' dir='ltr'><strong>metro</strong></span> <span class='ocrx_word' id='word_1_60' title='bbox 382 987 519 1042; x_wconf 88' lang='lat' dir='ltr'><strong>trochaico</strong></span> <span class='ocrx_word' id='word_1_61' title='bbox 541 991 575 1059; x_wconf 85' lang='lat' dir='ltr'><strong>(p.</strong></span> <span class='ocrx_word' id='word_1_62' title='bbox 596 989 730 1052; x_wconf 81' lang='grc'><strong>21-28).</strong></span> <span class='ocrx_word' id='word_1_63' title='bbox 768 1005 827 1060; x_wconf 88' lang='lat' dir='ltr'><strong>cap.</strong></span> <span class='ocrx_word' id='word_1_64' title='bbox 848 991 878 1044; x_wconf 80' lang='lat'><strong>4:</strong></span> <span class='ocrx_word' id='word_1_65' title='bbox 898 988 927 1042; x_wconf 89' lang='lat' dir='ltr'><strong>in</strong></span> <span class='ocrx_word' id='word_1_66' title='bbox 945 996 1102 1044; x_wconf 83' lang='lat' dir='ltr'><strong>tetrametro</strong></span> <span class='ocrx_word' id='word_1_67' title='bbox 1122 988 1293 1059; x_wconf 85' lang='lat' dir='ltr'><strong>anapaestico</strong></span> <span class='ocrx_word' id='word_1_68' title='bbox 1312 1007 1366 1060; x_wconf 89' lang='lat' dir='ltr'><strong>qua</strong></span> <span class='ocrx_word' id='word_1_69' title='bbox 1383 1007 1429 1042; x_wconf 89' lang='lat' dir='ltr'><strong>ra-</strong></span> 
     </span>
     <span class='ocr_line' id='line_1_10' title="bbox 276 1074 1427 1146; baseline -0.003 -18"><span class='ocrx_word' id='word_1_70' title='bbox 276 1075 351 1129; x_wconf 86' lang='lat' dir='ltr'><strong>tione</strong></span> <span class='ocrx_word' id='word_1_71' title='bbox 369 1081 510 1128; x_wconf 87' lang='lat' dir='ltr'><strong>mutentur</strong></span> <span class='ocrx_word' id='word_1_72' title='bbox 527 1089 659 1144; x_wconf 87' lang='lat' dir='ltr'><strong>personae</strong></span> <span class='ocrx_word' id='word_1_73' title='bbox 687 1077 722 1145; x_wconf 93' lang='lat' dir='ltr'><strong>(p.</strong></span> <span class='ocrx_word' id='word_1_74' title='bbox 744 1076 876 1137; x_wconf 83' lang='grc'><strong>28-39).</strong></span> <span class='ocrx_word' id='word_1_75' title='bbox 914 1092 971 1146; x_wconf 90' lang='lat' dir='ltr'><strong>cap.</strong></span> <span class='ocrx_word' id='word_1_76' title='bbox 994 1079 1021 1128; x_wconf 83' lang='lat'><strong>5:</strong></span> <span class='ocrx_word' id='word_1_77' title='bbox 1042 1092 1096 1144; x_wconf 92' lang='lat' dir='ltr'><strong>quo</strong></span> <span class='ocrx_word' id='word_1_78' title='bbox 1115 1074 1195 1128; x_wconf 91' lang='lat' dir='ltr'><strong>modo</strong></span> <span class='ocrx_word' id='word_1_79' title='bbox 1214 1091 1347 1144; x_wconf 90' lang='lat' dir='ltr'><strong>personae</strong></span> <span class='ocrx_word' id='word_1_80' title='bbox 1365 1091 1427 1127; x_wconf 90' lang='lat' dir='ltr'><strong>mu-</strong></span> 
     </span>
    </p>
   </div>
   <div class='ocr_carea' id='block_1_3' title="bbox 197 1157 1432 1324">
    <p class='ocr_par' dir='ltr' id='par_1_4' title="bbox 197 1157 1432 1324">
     <span class='ocr_line' id='line_1_11' title="bbox 197 1157 1432 1232; baseline 0 -18"><span class='ocrx_word' id='word_1_81' title='bbox 197 1189 198 1195; x_wconf 39' lang='lat'><em>*</em></span> <span class='ocrx_word' id='word_1_82' title='bbox 277 1167 371 1214; x_wconf 88' lang='lat' dir='ltr'><strong>tentur</strong></span> <span class='ocrx_word' id='word_1_83' title='bbox 388 1161 417 1214; x_wconf 91' lang='lat' dir='ltr'><strong>in</strong></span> <span class='ocrx_word' id='word_1_84' title='bbox 434 1166 592 1214; x_wconf 89' lang='lat' dir='ltr'><strong>tetrametro</strong></span> <span class='ocrx_word' id='word_1_85' title='bbox 610 1157 725 1212; x_wconf 89' lang='lat' dir='ltr'><strong>iambico</strong></span> <span class='ocrx_word' id='word_1_86' title='bbox 748 1163 784 1230; x_wconf 86' lang='lat' dir='ltr'><strong>(p.</strong></span> <span class='ocrx_word' id='word_1_87' title='bbox 803 1163 938 1226; x_wconf 85' lang='lat'><strong>30-31).</strong></span> <span class='ocrx_word' id='word_1_88' title='bbox 976 1178 1033 1232; x_wconf 86' lang='lat' dir='ltr'><strong>cap.</strong></span> <span class='ocrx_word' id='word_1_89' title='bbox 1055 1163 1083 1213; x_wconf 83' lang='lat'><strong>6:</strong></span> <span class='ocrx_word' id='word_1_90' title='bbox 1104 1178 1158 1230; x_wconf 90' lang='lat' dir='ltr'><strong>qua</strong></span> <span class='ocrx_word' id='word_1_91' title='bbox 1175 1159 1281 1214; x_wconf 89' lang='lat' dir='ltr'><strong>ratione</strong></span> <span class='ocrx_word' id='word_1_92' title='bbox 1298 1177 1432 1231; x_wconf 84' lang='lat' dir='ltr'><strong>personae</strong></span> 
     </span>
     <span class='ocr_line' id='line_1_12' title="bbox 278 1243 800 1324; baseline -0.006 -24"><span class='ocrx_word' id='word_1_93' title='bbox 278 1254 418 1324; x_wconf 85' lang='lat' dir='ltr'><strong>mutentur</strong></span> <span class='ocrx_word' id='word_1_94' title='bbox 435 1246 464 1301; x_wconf 90' lang='lat' dir='ltr'><strong>in</strong></span> <span class='ocrx_word' id='word_1_95' title='bbox 482 1245 638 1300; x_wconf 80' lang='lat' dir='ltr'><strong>hexametro</strong></span> <span class='ocrx_word' id='word_1_96' title='bbox 657 1243 800 1315; x_wconf 87' lang='lat' dir='ltr'><strong>dactylico.</strong></span> 
     </span>
    </p>
   </div>
   <div class='ocr_carea' id='block_1_4' title="bbox 243 1348 1429 1538">
    <p class='ocr_par' dir='ltr' id='par_1_5' title="bbox 243 1348 1429 1538">
     <span class='ocr_line' id='line_1_13' title="bbox 330 1348 1429 1435; baseline 0 -23"><span class='ocrx_word' id='word_1_97' title='bbox 330 1352 395 1414; x_wconf 77' lang='lat'><strong>59⁰.</strong></span> <span class='ocrx_word' id='word_1_98' title='bbox 420 1357 566 1423; x_wconf 84' lang='lat' dir='ltr'><strong>witten,</strong></span> <span class='ocrx_word' id='word_1_99' title='bbox 591 1348 631 1414; x_wconf 91' lang='lat' dir='ltr'><strong>de</strong></span> <span class='ocrx_word' id='word_1_100' title='bbox 642 1348 835 1432; x_wconf 83' lang='lat' dir='ltr'><strong>tragicorum</strong></span> <span class='ocrx_word' id='word_1_101' title='bbox 850 1349 1046 1416; x_wconf 80' lang='lat' dir='ltr'><strong>Graecorum</strong></span> <span class='ocrx_word' id='word_1_102' title='bbox 1061 1349 1300 1435; x_wconf 89' lang='lat' dir='ltr'><strong>stichomythia.</strong></span> <span class='ocrx_word' id='word_1_103' title='bbox 1318 1352 1429 1433; x_wconf 89' lang='lat' dir='ltr'><strong>Progr.</strong></span> 
     </span>
     <span class='ocr_line' id='line_1_14' title="bbox 243 1451 886 1538; baseline -0.002 -20"><span class='ocrx_word' id='word_1_104' title='bbox 243 1473 353 1537; x_wconf 88' lang='lat' dir='ltr'><strong>gymn.</strong></span> <span class='ocrx_word' id='word_1_105' title='bbox 379 1451 560 1518; x_wconf 86' lang='lat' dir='ltr'><strong>Helnrstedt</strong></span> <span class='ocrx_word' id='word_1_106' title='bbox 584 1453 676 1516; x_wconf 85' lang='grc'><strong>1872.</strong></span> <span class='ocrx_word' id='word_1_107' title='bbox 702 1455 747 1516; x_wconf 82' lang='lat'><strong>4⁰.</strong></span> <span class='ocrx_word' id='word_1_108' title='bbox 773 1455 814 1517; x_wconf 87' lang='grc'><strong>32</strong></span> <span class='ocrx_word' id='word_1_109' title='bbox 830 1474 886 1538; x_wconf 93' lang='lat' dir='ltr'><strong>pp.</strong></span> 
     </span>
    </p>
   </div>
   <div class='ocr_carea' id='block_1_5' title="bbox 279 1541 1434 1798">
    <p class='ocr_par' dir='ltr' id='par_1_6' title="bbox 279 1541 1434 1798">
     <span class='ocr_line' id='line_1_15' title="bbox 347 1541 1434 1627; baseline 0 -18"><span class='ocrx_word' id='word_1_110' title='bbox 347 1561 543 1626; x_wconf 88' lang='lat' dir='ltr'><strong>percensentur</strong></span> <span class='ocrx_word' id='word_1_111' title='bbox 560 1553 613 1610; x_wconf 87' lang='lat' dir='ltr'><strong>tria</strong></span> <span class='ocrx_word' id='word_1_112' title='bbox 630 1541 732 1623; x_wconf 81' lang='lat' dir='ltr'><strong>genera</strong></span> <span class='ocrx_word' id='word_1_113' title='bbox 749 1555 970 1627; x_wconf 83' lang='lat' dir='ltr'><strong>stichomythiae,</strong></span> <span class='ocrx_word' id='word_1_114' title='bbox 996 1555 1127 1621; x_wconf 81' lang='lat' dir='ltr'><strong>disticha,</strong></span> <span class='ocrx_word' id='word_1_115' title='bbox 1147 1555 1325 1620; x_wconf 83' lang='lat' dir='ltr'><strong>monostIcha,</strong></span> <span class='ocrx_word' id='word_1_116' title='bbox 1345 1554 1434 1610; x_wconf 89' lang='lat' dir='ltr'><strong>hemi-</strong></span> 
     </span>
     <span class='ocr_line' id='line_1_16' title="bbox 280 1639 1433 1712; baseline 0.002 -18"><span class='ocrx_word' id='word_1_117' title='bbox 280 1641 366 1695; x_wconf 87' lang='lat' dir='ltr'><strong>stieha</strong></span> <span class='ocrx_word' id='word_1_118' title='bbox 384 1641 484 1704; x_wconf 83' lang='lat' dir='ltr'><strong>oratio,</strong></span> <span class='ocrx_word' id='word_1_119' title='bbox 505 1647 629 1694; x_wconf 86' lang='lat' dir='ltr'><strong>accurate</strong></span> <span class='ocrx_word' id='word_1_120' title='bbox 648 1639 768 1696; x_wconf 90' lang='lat' dir='ltr'><strong>collectis</strong></span> <span class='ocrx_word' id='word_1_121' title='bbox 787 1650 815 1695; x_wconf 90' lang='lat' dir='ltr'><strong>et</strong></span> <span class='ocrx_word' id='word_1_122' title='bbox 832 1641 957 1696; x_wconf 90' lang='lat' dir='ltr'><strong>indicatis</strong></span> <span class='ocrx_word' id='word_1_123' title='bbox 976 1640 1105 1712; x_wconf 84' lang='lat' dir='ltr'><strong>exemplis</strong></span> <span class='ocrx_word' id='word_1_124' title='bbox 1123 1658 1192 1712; x_wconf 89' lang='lat' dir='ltr'><strong>quae</strong></span> <span class='ocrx_word' id='word_1_125' title='bbox 1211 1641 1286 1712; x_wconf 88' lang='lat' dir='ltr'><strong>apud</strong></span> <span class='ocrx_word' id='word_1_126' title='bbox 1302 1648 1359 1696; x_wconf 88' lang='lat' dir='ltr'><strong>tres</strong></span> <span class='ocrx_word' id='word_1_127' title='bbox 1376 1648 1433 1696; x_wconf 82' lang='lat' dir='ltr'><strong>tra-</strong></span> 
     </span>
     <span class='ocr_line' id='line_1_17' title="bbox 279 1725 667 1798; baseline -0.01 -16"><span class='ocrx_word' id='word_1_128' title='bbox 279 1725 392 1796; x_wconf 90' lang='lat' dir='ltr'><strong>goediae</strong></span> <span class='ocrx_word' id='word_1_129' title='bbox 410 1725 547 1798; x_wconf 89' lang='lat' dir='ltr'><strong>principes</strong></span> <span class='ocrx_word' id='word_1_130' title='bbox 566 1733 667 1780; x_wconf 87' lang='lat' dir='ltr'><strong>extant.</strong></span> 
     </span>
    </p>
   </div>
   <div class='ocr_carea' id='block_1_6' title="bbox 248 1812 1431 2002">
    <p class='ocr_par' dir='ltr' id='par_1_7' title="bbox 248 1812 1431 2002">
     <span class='ocr_line' id='line_1_18' title="bbox 333 1812 1431 1890; baseline -0.001 -12"><span class='ocrx_word' id='word_1_131' title='bbox 333 1817 383 1878; x_wconf 83' lang='lat'><strong>60.</strong></span> <span class='ocrx_word' id='word_1_132' title='bbox 410 1821 614 1890; x_wconf 68' lang='lat' dir='ltr'><strong>Zippmanm</strong></span> <span class='ocrx_word' id='word_1_133' title='bbox 647 1812 808 1880; x_wconf 86' lang='lat' dir='ltr'><strong>Albertns.</strong></span> <span class='ocrx_word' id='word_1_134' title='bbox 846 1833 906 1880; x_wconf 90' lang='lat' dir='ltr'><strong>aus</strong></span> <span class='ocrx_word' id='word_1_135' title='bbox 939 1812 1011 1882; x_wconf 89' lang='lat' dir='ltr'><strong>dem</strong></span> <span class='ocrx_word' id='word_1_136' title='bbox 1031 1813 1216 1880; x_wconf 61' lang='lat' dir='ltr'><strong>‘nachlasse</strong></span> <span class='ocrx_word' id='word_1_137' title='bbox 1249 1813 1431 1882; x_wconf 87' lang='lat' dir='ltr'><strong>desselben.</strong></span> 
     </span>
     <span class='ocr_line' id='line_1_19' title="bbox 248 1915 1104 2002; baseline 0 -20"><span class='ocrx_word' id='word_1_138' title='bbox 248 1917 358 2000; x_wconf 89' lang='lat' dir='ltr'><strong>Progr.</strong></span> <span class='ocrx_word' id='word_1_139' title='bbox 384 1936 494 2000; x_wconf 86' lang='lat' dir='ltr'><strong>gymn.</strong></span> <span class='ocrx_word' id='word_1_140' title='bbox 521 1915 790 1984; x_wconf 87' lang='lat' dir='ltr'><strong>Schneidemnehl</strong></span> <span class='ocrx_word' id='word_1_141' title='bbox 816 1919 907 1981; x_wconf 84' lang='lat'><strong>1871.</strong></span> <span class='ocrx_word' id='word_1_142' title='bbox 934 1921 979 1980; x_wconf 79' lang='lat'><strong>4⁰.</strong></span> <span class='ocrx_word' id='word_1_143' title='bbox 1012 1919 1034 1981; x_wconf 93' lang='grc'><strong>8</strong></span> <span class='ocrx_word' id='word_1_144' title='bbox 1047 1937 1104 2002; x_wconf 90' lang='lat' dir='ltr'><strong>pp.</strong></span> 
     </span>
    </p>
   </div>
   <div class='ocr_carea' id='block_1_7' title="bbox 279 2033 1435 2365">
    <p class='ocr_par' dir='ltr' id='par_1_8' title="bbox 279 2033 1435 2365">
     <span class='ocr_line' id='line_1_20' title="bbox 350 2033 1435 2108; baseline -0.003 -17"><span class='ocrx_word' id='word_1_145' title='bbox 350 2035 505 2091; x_wconf 89' lang='lat' dir='ltr'><strong>continetur</strong></span> <span class='ocrx_word' id='word_1_146' title='bbox 522 2053 586 2106; x_wconf 88' lang='lat' dir='ltr'><strong>pars</strong></span> <span class='ocrx_word' id='word_1_147' title='bbox 603 2035 779 2107; x_wconf 84' lang='lat' dir='ltr'><strong>praelationis</strong></span> <span class='ocrx_word' id='word_1_148' title='bbox 798 2054 880 2107; x_wconf 87' lang='lat' dir='ltr'><strong>quam</strong></span> <span class='ocrx_word' id='word_1_149' title='bbox 897 2036 931 2089; x_wconf 82' lang='lat' dir='ltr'><strong>A.</strong></span> <span class='ocrx_word' id='word_1_150' title='bbox 953 2035 983 2088; x_wconf 90' lang='lat' dir='ltr'><strong>Z.</strong></span> <span class='ocrx_word' id='word_1_151' title='bbox 1004 2034 1099 2089; x_wconf 87' lang='lat' dir='ltr'><strong>maiori</strong></span> <span class='ocrx_word' id='word_1_152' title='bbox 1118 2036 1193 2107; x_wconf 88' lang='lat' dir='ltr'><strong>operi</strong></span> <span class='ocrx_word' id='word_1_153' title='bbox 1214 2033 1264 2090; x_wconf 91' lang='lat' dir='ltr'><strong>‘de</strong></span> <span class='ocrx_word' id='word_1_154' title='bbox 1289 2053 1435 2108; x_wconf 90' lang='lat' dir='ltr'><strong>respon-</strong></span> 
     </span>
     <span class='ocr_line' id='line_1_21' title="bbox 281 2120 1435 2193; baseline 0.002 -19"><span class='ocrx_word' id='word_1_155' title='bbox 281 2122 415 2175; x_wconf 89' lang='lat' dir='ltr'><strong>sionum</strong></span> <span class='ocrx_word' id='word_1_156' title='bbox 441 2120 532 2193; x_wconf 90' lang='lat' dir='ltr'><strong>apud</strong></span> <span class='ocrx_word' id='word_1_157' title='bbox 553 2123 709 2191; x_wconf 83' lang='lat' dir='ltr'><strong>tragicos</strong></span> <span class='ocrx_word' id='word_1_158' title='bbox 733 2121 808 2191; x_wconf 88' lang='lat' dir='ltr'><strong>lege</strong></span> <span class='ocrx_word' id='word_1_159' title='bbox 832 2140 867 2176; x_wconf 90' lang='lat' dir='ltr'><strong>ac</strong></span> <span class='ocrx_word' id='word_1_160' title='bbox 890 2121 1038 2176; x_wconf 83' lang='lat' dir='ltr'><strong>ratione’</strong></span> <span class='ocrx_word' id='word_1_161' title='bbox 1064 2121 1260 2176; x_wconf 85' lang='lat' dir='ltr'><strong>conscribendo</strong></span> <span class='ocrx_word' id='word_1_162' title='bbox 1279 2130 1337 2176; x_wconf 89' lang='lat' dir='ltr'><strong>erat</strong></span> <span class='ocrx_word' id='word_1_163' title='bbox 1354 2138 1435 2193; x_wconf 90' lang='lat' dir='ltr'><strong>prae-</strong></span> 
     </span>
     <span class='ocr_line' id='line_1_22' title="bbox 280 2206 1435 2280; baseline 0.001 -20"><span class='ocrx_word' id='word_1_164' title='bbox 280 2208 412 2261; x_wconf 85' lang='lat' dir='ltr'><strong>missurus</strong></span> <span class='ocrx_word' id='word_1_165' title='bbox 431 2208 484 2261; x_wconf 81' lang='grc'><strong>11111</strong></span> <span class='ocrx_word' id='word_1_166' title='bbox 500 2208 646 2262; x_wconf 88' lang='lat' dir='ltr'><strong>immature</strong></span> <span class='ocrx_word' id='word_1_167' title='bbox 662 2213 750 2261; x_wconf 88' lang='lat' dir='ltr'><strong>morte</strong></span> <span class='ocrx_word' id='word_1_168' title='bbox 762 2214 833 2262; x_wconf 87' lang='lat' dir='ltr'><strong>esset</strong></span> <span class='ocrx_word' id='word_1_169' title='bbox 850 2208 1012 2279; x_wconf 86' lang='lat' dir='ltr'><strong>absumptus</strong></span> <span class='ocrx_word' id='word_1_170' title='bbox 1030 2206 1096 2261; x_wconf 90' lang='lat' dir='ltr'><strong>dum</strong></span> <span class='ocrx_word' id='word_1_171' title='bbox 1114 2208 1144 2261; x_wconf 91' lang='lat' dir='ltr'><strong>in</strong></span> <span class='ocrx_word' id='word_1_172' title='bbox 1156 2207 1271 2262; x_wconf 84' lang='lat' dir='ltr'><strong>Bellorti</strong></span> <span class='ocrx_word' id='word_1_173' title='bbox 1291 2226 1435 2280; x_wconf 83' lang='lat' dir='ltr'><strong>oppugna-</strong></span> 
     </span>
     <span class='ocr_line' id='line_1_23' title="bbox 279 2293 824 2365; baseline -0.004 -18"><span class='ocrx_word' id='word_1_174' title='bbox 279 2294 385 2348; x_wconf 87' lang='lat' dir='ltr'><strong>toribus</strong></span> <span class='ocrx_word' id='word_1_175' title='bbox 404 2293 511 2348; x_wconf 82' lang='lat' dir='ltr'><strong>fortiter</strong></span> <span class='ocrx_word' id='word_1_176' title='bbox 528 2311 585 2348; x_wconf 87' lang='lat' dir='ltr'><strong>rem</strong></span> <span class='ocrx_word' id='word_1_177' title='bbox 603 2294 726 2348; x_wconf 88' lang='lat' dir='ltr'><strong>cominus</strong></span> <span class='ocrx_word' id='word_1_178' title='bbox 745 2295 824 2365; x_wconf 85' lang='lat' dir='ltr'><strong>gerit.</strong></span> 
     </span>
    </p>
   </div>
   <div class='ocr_carea' id='block_1_8' title="bbox 273 2501 1370 2705">
    <p class='ocr_par' dir='ltr' id='par_1_9' title="bbox 273 2501 1370 2705">
     <span class='ocr_line' id='line_1_24' title="bbox 273 2501 1370 2613; baseline 0.002 -13"><span class='ocrx_word' id='word_1_179' title='bbox 273 2531 279 2542; x_wconf 80' lang='lat'><em>&#39;</em></span> <span class='ocrx_word' id='word_1_180' title='bbox 311 2536 348 2600; x_wconf 94' lang='lat' dir='ltr'><strong>B.</strong></span> <span class='ocrx_word' id='word_1_181' title='bbox 402 2535 518 2601; x_wconf 88' lang='lat' dir='ltr'><strong>LIBRI</strong></span> <span class='ocrx_word' id='word_1_182' title='bbox 540 2536 598 2600; x_wconf 85' lang='lat' dir='ltr'><strong>DE</strong></span> <span class='ocrx_word' id='word_1_183' title='bbox 622 2534 842 2603; x_wconf 77' lang='lat' dir='ltr'>SOPHOOLE</span> <span class='ocrx_word' id='word_1_184' title='bbox 863 2533 959 2601; x_wconf 82' lang='lat' dir='ltr'><strong>IPSO</strong></span> <span class='ocrx_word' id='word_1_185' title='bbox 981 2501 1166 2613; x_wconf 77' lang='lat' dir='ltr'><strong>EIUSQUE</strong></span> <span class='ocrx_word' id='word_1_186' title='bbox 1189 2535 1370 2602; x_wconf 84' lang='lat' dir='ltr'><strong>FABULIS</strong></span> 
     </span>
     <span class='ocr_line' id='line_1_25' title="bbox 751 2638 1148 2705; baseline 0 -1"><span class='ocrx_word' id='word_1_187' title='bbox 751 2638 927 2705; x_wconf 79' lang='lat' dir='ltr'><strong>SCRIPTI.</strong></span> <span class='ocrx_word' id='word_1_188' title='bbox 1146 2647 1148 2652; x_wconf 83' lang='grc'>’</span> 
     </span>
    </p>
   </div>
   <div class='ocr_carea' id='block_1_9' title="bbox 495 2845 1183 2906">
    <p class='ocr_par' dir='ltr' id='par_1_10' title="bbox 495 2845 1183 2906">
     <span class='ocr_line' id='line_1_26' title="bbox 495 2845 1183 2906; baseline -0.003 -14"><span class='ocrx_word' id='word_1_189' title='bbox 495 2847 543 2893; x_wconf 89' lang='lat' dir='ltr'><strong>1v.</strong></span> <span class='ocrx_word' id='word_1_190' title='bbox 580 2846 626 2893; x_wconf 87' lang='lat' dir='ltr'><strong>DE</strong></span> <span class='ocrx_word' id='word_1_191' title='bbox 647 2847 728 2895; x_wconf 72' lang='lat' dir='ltr'><strong>VITA</strong></span> <span class='ocrx_word' id='word_1_192' title='bbox 749 2846 967 2906; x_wconf 76' lang='lat' dir='ltr'><strong>MORIBUSQUE</strong></span> <span class='ocrx_word' id='word_1_193' title='bbox 988 2845 1183 2894; x_wconf 82' lang='lat' dir='ltr'><strong>SOPHOGLIS.</strong></span> 
     </span>
    </p>
   </div>
   <div class='ocr_carea' id='block_1_10' title="bbox 282 2933 1614 3125">
    <p class='ocr_par' dir='ltr' id='par_1_11' title="bbox 282 2933 1614 3125">
     <span class='ocr_line' id='line_1_27' title="bbox 349 2933 1614 3036; baseline -0.001 -18"><span class='ocrx_word' id='word_1_194' title='bbox 349 2963 422 3019; x_wconf 87' lang='lat' dir='ltr'><strong>Ante</strong></span> <span class='ocrx_word' id='word_1_195' title='bbox 441 2983 466 3019; x_wconf 89' lang='lat' dir='ltr'><strong>a.</strong></span> <span class='ocrx_word' id='word_1_196' title='bbox 490 2968 569 3018; x_wconf 85' lang='lat'>1836:</span> <span class='ocrx_word' id='word_1_197' title='bbox 607 2967 743 3036; x_wconf 84' lang='lat' dir='ltr'><strong>Lange,</strong></span> <span class='ocrx_word' id='word_1_198' title='bbox 768 2966 829 3020; x_wconf 83' lang='lat' dir='ltr'><strong>Car.</strong></span> <span class='ocrx_word' id='word_1_199' title='bbox 850 2965 923 3020; x_wconf 87' lang='lat' dir='ltr'><strong>Guil.</strong></span> <span class='ocrx_word' id='word_1_200' title='bbox 950 2965 1185 3020; x_wconf 87' lang='lat' dir='ltr'><strong>commentationis</strong></span> <span class='ocrx_word' id='word_1_201' title='bbox 1203 2966 1237 3018; x_wconf 91' lang='lat' dir='ltr'><strong>de</strong></span> <span class='ocrx_word' id='word_1_202' title='bbox 1256 2965 1312 3018; x_wconf 86' lang='lat' dir='ltr'><strong>vita</strong></span> <span class='ocrx_word' id='word_1_203' title='bbox 1330 2963 1437 3036; x_wconf 84' lang='lat' dir='ltr'><strong>Sopho·</strong></span> <span class='ocrx_word' id='word_1_204' title='bbox 1540 2963 1542 2968; x_wconf 75' lang='grc'><strong>’</strong></span> <span class='ocrx_word' id='word_1_205' title='bbox 1613 2933 1614 2976; x_wconf 83' lang='lat' dir='ltr'><strong>l</strong></span> 
     </span>
     <span class='ocr_line' id='line_1_28' title="bbox 282 3049 1142 3125; baseline -0.003 -21"><span class='ocrx_word' id='word_1_206' title='bbox 282 3049 329 3104; x_wconf 92' lang='lat' dir='ltr'><strong>clis</strong></span> <span class='ocrx_word' id='word_1_207' title='bbox 348 3049 490 3121; x_wconf 85' lang='lat' dir='ltr'><strong>particula.</strong></span> <span class='ocrx_word' id='word_1_208' title='bbox 509 3051 584 3104; x_wconf 86' lang='lat' dir='ltr'><strong>Dias.</strong></span> <span class='ocrx_word' id='word_1_209' title='bbox 605 3051 698 3122; x_wconf 89' lang='lat' dir='ltr'><strong>inaug.</strong></span> <span class='ocrx_word' id='word_1_210' title='bbox 718 3051 796 3106; x_wconf 82' lang='lat' dir='ltr'><strong>Halia</strong></span> <span class='ocrx_word' id='word_1_211' title='bbox 815 3053 876 3107; x_wconf 83' lang='lat' dir='ltr'><strong>Sax.</strong></span> <span class='ocrx_word' id='word_1_212' title='bbox 900 3053 973 3125; x_wconf 81' lang='grc'><strong>1823.</strong></span> <span class='ocrx_word' id='word_1_213' title='bbox 995 3053 1031 3103; x_wconf 83' lang='lat'><strong>8⁰.</strong></span> <span class='ocrx_word' id='word_1_214' title='bbox 1053 3053 1085 3102; x_wconf 89' lang='grc'><strong>22</strong></span> <span class='ocrx_word' id='word_1_215' title='bbox 1097 3067 1142 3122; x_wconf 93' lang='lat' dir='ltr'><strong>pp.</strong></span> 
     </span>
    </p>
   </div>
   <div class='ocr_carea' id='block_1_11' title="bbox 36 3147 1434 3343">
    <p class='ocr_par' dir='ltr' id='par_1_12' title="bbox 36 3147 1434 3343">
     <span class='ocr_line' id='line_1_29' title="bbox 59 3147 1434 3292; baseline -0.001 -76"><span class='ocrx_word' id='word_1_216' title='bbox 59 3173 97 3292; x_wconf 54' lang='grc' dir='ltr'><strong>ς]</strong></span> <span class='ocrx_word' id='word_1_217' title='bbox 108 3197 170 3257; x_wconf 69' lang='lat'><strong>55!</strong></span> <span class='ocrx_word' id='word_1_218' title='bbox 214 3202 218 3214; x_wconf 90' lang='lat'><strong>.</strong></span> <span class='ocrx_word' id='word_1_219' title='bbox 241 3158 386 3248; x_wconf 47' lang='lat' dir='ltr'><strong>A.</strong></span> <span class='ocrx_word' id='word_1_220' title='bbox 404 3163 561 3230; x_wconf 84' lang='lat' dir='ltr'><strong>Dindorf,</strong></span> <span class='ocrx_word' id='word_1_221' title='bbox 587 3155 673 3220; x_wconf 79' lang='lat' dir='ltr'><strong>Guil.</strong></span> <span class='ocrx_word' id='word_1_222' title='bbox 693 3151 771 3242; x_wconf 63' lang='grc' dir='ltr'><strong>ζβίος</strong></span> <span class='ocrx_word' id='word_1_223' title='bbox 788 3147 985 3242; x_wconf 73' lang='grc' dir='ltr'>Σοφοκλέους’</span> <span class='ocrx_word' id='word_1_224' title='bbox 1002 3153 1051 3219; x_wconf 91' lang='lat' dir='ltr'><strong>in:</strong></span> <span class='ocrx_word' id='word_1_225' title='bbox 1078 3154 1180 3219; x_wconf 83' lang='lat' dir='ltr'><strong>Poett.</strong></span> <span class='ocrx_word' id='word_1_226' title='bbox 1200 3171 1286 3219; x_wconf 78' lang='lat' dir='ltr'><strong>suen.</strong></span> <span class='ocrx_word' id='word_1_227' title='bbox 1306 3151 1434 3219; x_wconf 78' lang='lat' dir='ltr'><strong>Graeci.</strong></span> 
     </span>
     <span class='ocr_line' id='line_1_30' title="bbox 36 3256 1103 3343; baseline -0.002 -21"><span class='ocrx_word' id='word_1_228' title='bbox 36 3293 38 3298; x_wconf 95' lang='lat'>·</span> <span class='ocrx_word' id='word_1_229' title='bbox 92 3257 95 3264; x_wconf 84' lang='lat'>&#39;</span> <span class='ocrx_word' id='word_1_230' title='bbox 247 3256 299 3322; x_wconf 88' lang='lat' dir='ltr'><strong>ed.</strong></span> <span class='ocrx_word' id='word_1_231' title='bbox 326 3259 365 3322; x_wconf 91' lang='lat' dir='ltr'><strong>V.</strong></span> <span class='ocrx_word' id='word_1_232' title='bbox 391 3258 532 3342; x_wconf 88' lang='lat' dir='ltr'><strong>Lipsiae.</strong></span> <span class='ocrx_word' id='word_1_233' title='bbox 561 3259 655 3323; x_wconf 83' lang='lat'><strong>1869.</strong></span> <span class='ocrx_word' id='word_1_234' title='bbox 681 3257 791 3324; x_wconf 88' lang='lat' dir='ltr'><strong>fascio.</strong></span> <span class='ocrx_word' id='word_1_235' title='bbox 818 3257 859 3321; x_wconf 88' lang='lat' dir='ltr'><strong>X.</strong></span> <span class='ocrx_word' id='word_1_236' title='bbox 892 3279 925 3343; x_wconf 92' lang='lat' dir='ltr'><strong>p.</strong></span> <span class='ocrx_word' id='word_1_237' title='bbox 953 3261 1103 3321; x_wconf 83' lang='lat'><strong>11—15.</strong></span> 
     </span>
    </p>
   </div>
   <div class='ocr_carea' id='block_1_12' title="bbox 282 3357 1437 3511">
    <p class='ocr_par' dir='ltr' id='par_1_13' title="bbox 282 3357 1437 3511">
     <span class='ocr_line' id='line_1_31' title="bbox 288 3357 1437 3431; baseline -0.003 -18"><span class='ocrx_word' id='word_1_238' title='bbox 288 3383 290 3388; x_wconf 96' lang='lat'>·</span> <span class='ocrx_word' id='word_1_239' title='bbox 351 3360 462 3429; x_wconf 87' lang='lat' dir='ltr'><strong>antiqua</strong></span> <span class='ocrx_word' id='word_1_240' title='bbox 485 3359 540 3414; x_wconf 88' lang='lat' dir='ltr'><strong>vite</strong></span> <span class='ocrx_word' id='word_1_241' title='bbox 557 3377 573 3412; x_wconf 93' lang='grc'><strong>1</strong></span> <span class='ocrx_word' id='word_1_242' title='bbox 591 3360 765 3429; x_wconf 87' lang='lat' dir='ltr'><strong>grammatico</strong></span> <span class='ocrx_word' id='word_1_243' title='bbox 784 3359 874 3431; x_wconf 89' lang='lat' dir='ltr'><strong>aliquo</strong></span> <span class='ocrx_word' id='word_1_244' title='bbox 893 3360 1043 3431; x_wconf 88' lang='lat' dir='ltr'><strong>composita</strong></span> <span class='ocrx_word' id='word_1_245' title='bbox 1061 3359 1096 3413; x_wconf 89' lang='lat' dir='ltr'><strong>ad</strong></span> <span class='ocrx_word' id='word_1_246' title='bbox 1116 3357 1241 3411; x_wconf 91' lang='lat' dir='ltr'><strong>meliores</strong></span> <span class='ocrx_word' id='word_1_247' title='bbox 1259 3357 1345 3411; x_wconf 81' lang='lat' dir='ltr'><strong>libros</strong></span> <span class='ocrx_word' id='word_1_248' title='bbox 1367 3361 1437 3422; x_wconf 87' lang='lat' dir='ltr'><strong>(nam</strong></span> 
     </span>
     <span class='ocr_line' id='line_1_32' title="bbox 282 3444 1186 3511; baseline -0.006 -11"><span class='ocrx_word' id='word_1_249' title='bbox 282 3463 299 3500; x_wconf 88' lang='lat' dir='ltr'><strong>a</strong></span> <span class='ocrx_word' id='word_1_250' title='bbox 315 3445 365 3498; x_wconf 88' lang='lat' dir='ltr'><strong>LA</strong></span> <span class='ocrx_word' id='word_1_251' title='bbox 383 3445 467 3511; x_wconf 80' lang='lat' dir='ltr'><strong>abest)</strong></span> <span class='ocrx_word' id='word_1_252' title='bbox 489 3453 585 3500; x_wconf 84' lang='lat' dir='ltr'><strong>exacta</strong></span> <span class='ocrx_word' id='word_1_253' title='bbox 602 3445 676 3500; x_wconf 89' lang='lat' dir='ltr'><strong>edita</strong></span> <span class='ocrx_word' id='word_1_254' title='bbox 693 3452 722 3499; x_wconf 90' lang='lat' dir='ltr'><strong>et</strong></span> <span class='ocrx_word' id='word_1_255' title='bbox 739 3445 966 3500; x_wconf 88' lang='lat' dir='ltr'><strong>commentatione</strong></span> <span class='ocrx_word' id='word_1_256' title='bbox 984 3444 1119 3499; x_wconf 88' lang='lat' dir='ltr'><strong>illustrata</strong></span> <span class='ocrx_word' id='word_1_257' title='bbox 1138 3450 1186 3498; x_wconf 82' lang='lat' dir='ltr'><strong>ert.</strong></span> 
     </span>
    </p>
   </div>
   <div class='ocr_carea' id='block_1_13' title="bbox 125 3546 1535 4150">
    <p class='ocr_par' dir='ltr' id='par_1_14' title="bbox 125 3546 1535 4150">
     <span class='ocr_line' id='line_1_33' title="bbox 335 3546 1434 3635; baseline -0.005 -20"><span class='ocrx_word' id='word_1_258' title='bbox 335 3553 386 3615; x_wconf 89' lang='grc'><strong>62.</strong></span> <span class='ocrx_word' id='word_1_259' title='bbox 419 3558 535 3622; x_wconf 81' lang='lat' dir='ltr'><strong>Hane,</strong></span> <span class='ocrx_word' id='word_1_260' title='bbox 565 3549 601 3616; x_wconf 80' lang='lat'><strong>0.</strong></span> <span class='ocrx_word' id='word_1_261' title='bbox 639 3549 826 3635; x_wconf 86' lang='lat' dir='ltr'><strong>Sophocles.</strong></span> <span class='ocrx_word' id='word_1_262' title='bbox 859 3550 921 3614; x_wconf 84' lang='lat' dir='ltr'><strong>Ein</strong></span> <span class='ocrx_word' id='word_1_263' title='bbox 954 3546 1171 3633; x_wconf 86' lang='lat' dir='ltr'><strong>griechisches</strong></span> <span class='ocrx_word' id='word_1_264' title='bbox 1205 3546 1434 3613; x_wconf 89' lang='lat' dir='ltr'><strong>dichterleben.</strong></span> 
     </span>
     <span class='ocr_line' id='line_1_34' title="bbox 125 3652 979 3738; baseline -0.002 -20"><span class='ocrx_word' id='word_1_265' title='bbox 125 3693 135 3728; x_wconf 59' lang='lat'><em>1</em></span> <span class='ocrx_word' id='word_1_266' title='bbox 248 3653 357 3737; x_wconf 89' lang='lat' dir='ltr'><strong>Progr.</strong></span> <span class='ocrx_word' id='word_1_267' title='bbox 384 3673 494 3737; x_wconf 86' lang='lat' dir='ltr'><strong>gymn.</strong></span> <span class='ocrx_word' id='word_1_268' title='bbox 520 3652 645 3718; x_wconf 82' lang='lat' dir='ltr'><strong>Emden</strong></span> <span class='ocrx_word' id='word_1_269' title='bbox 670 3655 764 3718; x_wconf 90' lang='grc'><strong>1869.</strong></span> <span class='ocrx_word' id='word_1_270' title='bbox 795 3657 839 3717; x_wconf 75' lang='lat'><strong>4⁰.</strong></span> <span class='ocrx_word' id='word_1_271' title='bbox 869 3655 906 3717; x_wconf 88' lang='lat'><strong>18</strong></span> <span class='ocrx_word' id='word_1_272' title='bbox 923 3673 979 3738; x_wconf 90' lang='lat' dir='ltr'><strong>pp.</strong></span> 
     </span>
     <span class='ocr_line' id='line_1_35' title="bbox 250 3750 1439 3858; baseline 0.001 -39"><span class='ocrx_word' id='word_1_273' title='bbox 250 3759 386 3858; x_wconf 52' lang='lat' dir='ltr'><strong>..Q</strong></span> <span class='ocrx_word' id='word_1_274' title='bbox 414 3764 457 3820; x_wconf 86' lang='lat' dir='ltr'><strong>de</strong></span> <span class='ocrx_word' id='word_1_275' title='bbox 472 3764 636 3830; x_wconf 69' lang='lat' dir='ltr'><strong>neuneu,</strong></span> <span class='ocrx_word' id='word_1_276' title='bbox 658 3755 697 3819; x_wconf 85' lang='grc' dir='ltr'><strong>Ε.</strong></span> <span class='ocrx_word' id='word_1_277' title='bbox 716 3750 791 3820; x_wconf 71' lang='lat' dir='ltr'><strong>‘das</strong></span> <span class='ocrx_word' id='word_1_278' title='bbox 814 3756 894 3842; x_wconf 87' lang='lat' dir='ltr'><strong>grab</strong></span> <span class='ocrx_word' id='word_1_279' title='bbox 927 3755 986 3820; x_wconf 90' lang='lat' dir='ltr'><strong>des</strong></span> <span class='ocrx_word' id='word_1_280' title='bbox 1009 3751 1205 3842; x_wconf 68' lang='lat' dir='ltr'><strong>Sophocles?</strong></span> <span class='ocrx_word' id='word_1_281' title='bbox 1232 3754 1283 3819; x_wconf 92' lang='lat' dir='ltr'><strong>in:</strong></span> <span class='ocrx_word' id='word_1_282' title='bbox 1313 3750 1439 3820; x_wconf 72' lang='lat' dir='ltr'><strong>‘Philo-</strong></span> 
     </span>
     <span class='ocr_line' id='line_1_36' title="bbox 249 3846 1501 3943; baseline -0.001 -19"><span class='ocrx_word' id='word_1_283' title='bbox 249 3860 343 3942; x_wconf 88' lang='lat' dir='ltr'><strong>logus</strong></span> <span class='ocrx_word' id='word_1_284' title='bbox 365 3861 382 3924; x_wconf 95' lang='grc' dir='ltr'>Ι</span> <span class='ocrx_word' id='word_1_285' title='bbox 410 3861 449 3943; x_wconf 85' lang='lat' dir='ltr'><strong>(a.</strong></span> <span class='ocrx_word' id='word_1_286' title='bbox 479 3860 585 3943; x_wconf 84' lang='grc'><strong>1846.)</strong></span> <span class='ocrx_word' id='word_1_287' title='bbox 612 3879 644 3943; x_wconf 93' lang='lat' dir='ltr'><strong>p.</strong></span> <span class='ocrx_word' id='word_1_288' title='bbox 663 3860 730 3923; x_wconf 85' lang='lat'><strong>.128</strong></span> <span class='ocrx_word' id='word_1_289' title='bbox 748 3878 817 3941; x_wconf 89' lang='lat' dir='ltr'><strong>sqq.</strong></span> <span class='ocrx_word' id='word_1_290' title='bbox 1498 3846 1501 3862; x_wconf 61' lang='lat'><strong><em>⁴</em></strong></span> 
     </span>
     <span class='ocr_line' id='line_1_37' title="bbox 337 3957 1511 4047; baseline -0.001 -21"><span class='ocrx_word' id='word_1_291' title='bbox 337 3966 388 4026; x_wconf 83' lang='grc'><strong>64.</strong></span> <span class='ocrx_word' id='word_1_292' title='bbox 414 3970 544 4036; x_wconf 78' lang='lat' dir='ltr'><strong>Nabar,</strong></span> <span class='ocrx_word' id='word_1_293' title='bbox 567 3961 600 4027; x_wconf 84' lang='lat' dir='ltr'><strong>S.</strong></span> <span class='ocrx_word' id='word_1_294' title='bbox 620 3961 659 4026; x_wconf 81' lang='lat' dir='ltr'><strong>A.</strong></span> <span class='ocrx_word' id='word_1_295' title='bbox 679 3957 736 4028; x_wconf 74' lang='lat' dir='ltr'><strong>‘de</strong></span> <span class='ocrx_word' id='word_1_296' title='bbox 757 3961 825 4028; x_wconf 88' lang='lat' dir='ltr'><strong>vita</strong></span> <span class='ocrx_word' id='word_1_297' title='bbox 841 3958 1027 4047; x_wconf 71' lang='lat' dir='ltr'><strong>Sophoclis?</strong></span> <span class='ocrx_word' id='word_1_298' title='bbox 1055 3962 1107 4027; x_wconf 90' lang='lat' dir='ltr'><strong>in:</strong></span> <span class='ocrx_word' id='word_1_299' title='bbox 1126 3957 1351 4028; x_wconf 78' lang='lat' dir='ltr'><strong>‘Miscellanea</strong></span> <span class='ocrx_word' id='word_1_300' title='bbox 1366 3960 1441 4046; x_wconf 89' lang='lat' dir='ltr'><strong>phi·</strong></span> <span class='ocrx_word' id='word_1_301' title='bbox 1506 4009 1511 4016; x_wconf 88' lang='lat'><strong>.</strong></span> 
     </span>
     <span class='ocr_line' id='line_1_38' title="bbox 248 4064 1535 4150; baseline -0.002 -20"><span class='ocrx_word' id='word_1_302' title='bbox 248 4065 398 4148; x_wconf 90' lang='lat' dir='ltr'><strong>lologica.</strong></span> <span class='ocrx_word' id='word_1_303' title='bbox 423 4065 517 4131; x_wconf 81' lang='lat' dir='ltr'><strong>Nova</strong></span> <span class='ocrx_word' id='word_1_304' title='bbox 532 4064 651 4131; x_wconf 86' lang='lat' dir='ltr'><strong>Series.</strong></span> <span class='ocrx_word' id='word_1_305' title='bbox 670 4065 794 4132; x_wconf 84' lang='lat' dir='ltr'><strong>Fascio.</strong></span> <span class='ocrx_word' id='word_1_306' title='bbox 811 4066 855 4131; x_wconf 94' lang='lat' dir='ltr'><strong>II.</strong></span> <span class='ocrx_word' id='word_1_307' title='bbox 882 4065 1116 4131; x_wconf 89' lang='lat' dir='ltr'><strong>Amstelodami</strong></span> <span class='ocrx_word' id='word_1_308' title='bbox 1132 4068 1227 4130; x_wconf 86' lang='lat'><strong>1851.</strong></span> <span class='ocrx_word' id='word_1_309' title='bbox 1246 4087 1279 4150; x_wconf 92' lang='lat' dir='ltr'><strong>p.</strong></span> <span class='ocrx_word' id='word_1_310' title='bbox 1299 4067 1439 4128; x_wconf 86' lang='grc'><strong>28-48.</strong></span> <span class='ocrx_word' id='word_1_311' title='bbox 1530 4079 1535 4089; x_wconf 80' lang='grc'>’</span> 
     </span>
    </p>
   </div>
   <div class='ocr_carea' id='block_1_14' title="bbox 285 4165 1442 4326">
    <p class='ocr_par' dir='ltr' id='par_1_15' title="bbox 285 4165 1442 4326">
     <span class='ocr_line' id='line_1_39' title="bbox 354 4165 1442 4240; baseline -0.003 -17"><span class='ocrx_word' id='word_1_312' title='bbox 354 4167 545 4223; x_wconf 85' lang='lat' dir='ltr'><strong>adnotationes</strong></span> <span class='ocrx_word' id='word_1_313' title='bbox 569 4165 705 4222; x_wconf 78' lang='lat' dir='ltr'><strong>advitam</strong></span> <span class='ocrx_word' id='word_1_314' title='bbox 727 4167 811 4239; x_wconf 80' lang='lat' dir='ltr'><strong>Soph.</strong></span> <span class='ocrx_word' id='word_1_315' title='bbox 833 4169 972 4240; x_wconf 86' lang='lat' dir='ltr'><strong>antiquam</strong></span> <span class='ocrx_word' id='word_1_316' title='bbox 990 4187 1006 4222; x_wconf 89' lang='lat' dir='ltr'><strong>a</strong></span> <span class='ocrx_word' id='word_1_317' title='bbox 1023 4167 1199 4236; x_wconf 86' lang='lat' dir='ltr'><strong>grammatico</strong></span> <span class='ocrx_word' id='word_1_318' title='bbox 1219 4165 1311 4237; x_wconf 90' lang='lat' dir='ltr'><strong>aliquo</strong></span> <span class='ocrx_word' id='word_1_319' title='bbox 1330 4182 1442 4237; x_wconf 92' lang='lat' dir='ltr'><strong>compo-</strong></span> 
     </span>
     <span class='ocr_line' id='line_1_40' title="bbox 285 4255 581 4326; baseline -0.003 -17"><span class='ocrx_word' id='word_1_320' title='bbox 285 4255 363 4309; x_wconf 91' lang='lat' dir='ltr'><strong>sitam</strong></span> <span class='ocrx_word' id='word_1_321' title='bbox 381 4262 581 4326; x_wconf 90' lang='lat' dir='ltr'><strong>proponuntur.</strong></span> 
     </span>
    </p>
   </div>
   <div class='ocr_carea' id='block_1_15' title="bbox 0 0 1663 4906">
    <p class='ocr_par' dir='ltr' id='par_1_16' title="bbox 0 0 1663 4906">
     <span class='ocr_line' id='line_1_41' title="bbox 0 0 1663 4906; baseline 0 0"><span class='ocrx_word' id='word_1_322' title='bbox 0 0 1663 4906; x_wconf 95' lang='lat' dir='ltr'><strong> </strong></span> 
     </span>
    </p>
   </div>
  </div>
 </body>
</html>
