3268 4906
600 195 804 270 Μἰῑωισυ

515 325 540 372 1.
588 323 697 372 rnnnx
719 299 1049 372 conunnrrrronuu.
1362 309 1381 369 5

197 497 331 584 affl.
367 501 558 570 Wecklsin,
593 495 635 560 N.
674 515 770 560 curae
803 494 1033 580 epigraphioae
1062 493 1105 560 ad
1137 495 1381 580 grammaticam
1402 499 1554 570 1111131

188 595 349 663 Graecam
364 602 397 663 et
410 603 523 682 poetas
539 598 681 664 scenicos
697 597 902 684 pertinentes.
927 598 1061 684 Lipsiae
1078 599 1172 662 1869.
1196 599 1376 682 (Teubner.)

188 702 225 766 8⁰
240 721 283 765 nr.
309 702 349 764 67
364 719 419 784 pp.

293 801 316 855 I.
336 803 370 856 de
389 802 481 857 dativo
498 802 569 872 plur.
589 803 618 856 in
630 821 681 875 por,
702 821 760 867 αισι,
782 821 838 857 οισι.
888 803 926 858 Π,
941 803 975 858 de
996 803 1106 857 nornine
1126 797 1255 875 Ἀθηναία.
1275 804 1327 860 111.
1346 804 1381 860 de

226 887 313 942 dualis
331 887 424 942 formis
443 894 470 942 et
487 906 547 942 usu.
584 888 633 942 IV.
654 889 765 942 nomina
788 888 820 942 in
836 888 887 950 εύς.
926 889 958 943 V.
980 888 1091 942 nomina
1113 889 1143 944 in
1166 888 1246 960 κλῆς,
1272 890 1378 961 speltae,

225 974 321 1045 φάνης,
343 974 450 1045 cheam,
469 993 502 1045 ης
520 991 582 1044 gen.
604 993 643 1028 cu.
679 973 728 1028 VI.
748 973 825 1040 πνὺξ,
845 976 947 1036 πυκνός.
966 1029 969 1038 .
985 975 1047 1028 VII.
1068 973 1211 1030 adiectiva.
1247 975 1325 1029 VIII.
1348 976 1382 1031 de

227 1059 281 1113 eso.
312 1057 363 1112 IX.
383 1061 475 1125 ταύτά,
494 1061 593 1114 ταύτόν.
615 1059 704 1120 οὐδείς.
731 1059 791 1115 οὐδὲ
808 1059 855 1121 εἷς.
888 1060 923 1116 X.
945 1061 980 1115 ad
1003 1059 1236 1130 coniugationem.
1273 1059 1325 1114 XI.
1348 1059 1382 1114 de

225 1151 372 1215 augmento
391 1146 420 1198 in
445 1145 699 1218 septemsalices
721 1147 816 1208 εἰκάζω
834 1146 959 1220 εἱστήκειν
978 1147 1125 1220 ἐργάζομαι.
1157 1145 1225 1200 XII.
1239 1145 1325 1200 εἵνεκα
1336 1145 1383 1201 αὖ·

222 1250 296 1284 νεαα.
334 1229 414 1285 XIII.
434 1231 516 1287 varia.
556 1231 633 1285 XIV.
653 1232 687 1287 de
713 1232 877 1302 aspiratione
894 1232 1059 1287 Atticorum.
1095 1231 1156 1286 XV.
1178 1232 1211 1287 de
1235 1233 1380 1287 methatesi

223 1318 255 1372 in
273 1319 376 1390 φράπω
393 1318 507 1390 δραχμή.
536 1317 580 1370 De
604 1319 766 1392 purhpuechc.
799 1318 876 1374 XVI.
902 1318 937 1372 de
963 1319 1025 1372 ἰῶτα
1050 1318 1195 1388 adscripto.
1233 1317 1321 1372 XVII.
1342 1318 1378 1372 ad

223 1403 365 1472 vulgarem
387 1404 646 1472 pronuntiationem.
683 1403 790 1458 XVIII.
810 1403 844 1458 de
861 1403 938 1458 hiatu
956 1411 984 1458 et
997 1403 1118 1458 elisione.
1156 1401 1232 1458 XIX.
1254 1404 1288 1458 de
1301 1404 1380 1458 crasi.

222 1487 287 1544 XX.
303 1489 337 1542 de
355 1488 462 1558 spiritu.
500 1487 575 1543 XXI.
599 1490 633 1544 de
650 1489 856 1563 νέφελκυστιαῷ
888 1489 982 1544 XXII.
1001 1489 1072 1564 ἄχρι.
1093 1490 1180 1564 μέχρι.
1200 1487 1307 1546 XXIII.
1326 1487 1381 1544 [lo-

224 1574 330 1628 τείδαια.
367 1573 470 1628 XXIV.
486 1573 571 1629 Στοιά.
610 1574 697 1631 XXV.
717 1573 847 1648 Πειραεύς,
884 1573 986 1629 XXVI.
1013 1579 1095 1629 noeis.
1133 1575 1251 1629 XXVII.
1278 1575 1382 1646 σμικρός

226 1662 327 1731 μικράς.
355 1661 426 1730 plac.
464 1659 600 1715 XXVIII.
625 1662 659 1715 de
682 1661 815 1732 scriptura
838 1661 938 1733 γίνομαι
956 1665 1081 1733 γινώσκω.
1119 1659 1223 1715 XXIX.
1244 1661 1302 1729 Ehe,
1327 1659 1381 1714 che.

226 1745 277 1807 εἰς,
292 1745 327 1804 ἐς.
365 1745 455 1800 XXX.
476 1747 510 1800 de
529 1765 543 1798 σ
560 1747 634 1816 quod
650 1755 762 1802 vocatur
786 1747 937 1818 euphonico
955 1747 985 1800 in
1009 1747 1121 1818 ἕζωσμαι
1140 1747 1269 1818 σέσωσμαι
1286 1746 1382 1800 simili·

224 1831 286 1886 bus.
323 1829 428 1886 XXXI.
444 1832 501 1887 atel.
522 1833 614 1892 αἰετός.
636 1833 718 1888 thola.
737 1833 812 1887 calm.
833 1833 925 1886 alaim.
945 1832 1033 1888 alcior.
1057 1831 1184 1904 (πράσσω,
1205 1833 1328 1905 πράττω.)

280 1938 331 2000 35.
365 1943 514 2010 muter,
550 1935 590 2002 de
618 1935 721 2002 modis
753 1936 788 2001 in
820 1936 995 2002 enuntiatis
1024 1935 1295 2002 condicionalihus
1325 1955 1380 2023 ap.

187 2037 330 2122 tragicos
354 2037 506 2105 Graecos.
532 2038 669 2104 Dissert.
694 2038 806 2122 inaug.
831 2039 1047 2106 Vratislaviae
1073 2043 1165 2105 1865.
1193 2041 1236 2106 8⁰.

279 2144 330 2206 36.
356 2149 514 2217 wrobel,
548 2141 588 2207 de
610 2141 811 2208 anacoluthis
841 2142 929 2228 apud
951 2141 1089 2226 tragicos
1114 2141 1265 2236 Graecos.
1291 2142 1379 2208 Part.

190 2245 219 2310 I.
245 2244 333 2311 Diss.
359 2245 470 2330 inaug.
495 2245 709 2312 Vratislaviae
735 2247 829 2309 1866.
855 2247 898 2309 8⁰.

367 2521 418 2568 111.
451 2521 498 2567 DE
520 2521 565 2567 Ru
587 2519 737 2570 numos
758 2520 944 2569 rosunum
965 2519 1200 2570 TRAGIGOBUM.

196 2675 330 2759 „32
357 2681 569 2748 Dlndorfiua‚
595 2674 790 2764 Guilelmus..
812 2675 914 2740 Metra
938 2673 1093 2760 Aeschyli
1123 2673 1291 2764 Sophoclis
1314 2673 1382 2738 Lu·
1396 2687 1538 2786 1322]ss

191 2775 305 2861 ripidis
328 2784 361 2844 et
382 2776 607 2864 Aristophanis
630 2777 803 2864 descripta.
834 2775 968 2844 Accedit
991 2776 1215 2861 chronologica
1237 2777 1378 2845 scenica.

190 2879 298 2946 Oxou.
328 2882 420 2945 1842.
458 2881 598 2965 (Lipsiae
621 2901 675 2965 ap.
701 2882 740 2945 Τ.
766 2879 919 2963 Weigel.)
954 2883 996 2945 8⁰.

188 2986 329 3078 ..38
354 2981 471 3050 idem.
502 2983 543 3050 de
570 2983 681 3050 metris
703 2989 872 3068 poetarum
895 2983 1103 3050 scenicorum.
1127 2983 1178 3048 in:
1210 2985 1381 3049 Poetarum
1399 2963 1512 3072 4311

190 3084 317 3152 Sceuic.
345 3085 401 3151 Gr.
427 3085 478 3153 ed.
505 3087 545 3152 V.
569 3085 702 3171 Lipsiae
725 3107 755 3152 a.
785 3087 878 3152 1869.
910 3087 1070 3154 Teubner.
1096 3085 1151 3152 fol.
1177 3086 1258 3154 fasc.
1283 3085 1337 3151 X.

293 3188 384 3242 exeis
403 3206 471 3260 quae
494 3188 534 3244 ihi
558 3206 584 3259 p.
606 3191 717 3241 31-58
742 3187 881 3260 disputata
904 3196 983 3254 sunt,
1010 3189 1064 3243 huc
1087 3187 1192 3244 faciunt
1214 3205 1272 3260 cap.
1295 3190 1318 3240 1.
1345 3187 1379 3240 de

226 3273 343 3328 iambico
365 3274 472 3328 senario
493 3274 658 3346 tragicorum
676 3292 703 3345 p.
719 3275 841 3328 31-36.
880 3292 902 3328 c.
918 3279 945 3328 3.
965 3275 998 3330 de
1016 3291 1127 3330 caesura
1148 3273 1247 3328 senarii
1267 3290 1294 3345 p.
1310 3275 1384 3324 37-

227 3362 269 3413 38.
306 3379 331 3414 c.
346 3363 372 3415 4.
393 3359 427 3414 de
451 3360 567 3414 iambico
585 3360 708 3414 trimetro
730 3359 895 3415 catalectico.
934 3378 957 3414 c.
972 3359 997 3414 5.
1024 3360 1058 3413 tle
1076 3359 1193 3414 iambico
1211 3367 1380 3414 tetrametro.

225 3463 253 3516 p.
274 3447 317 3500 38.
361 3463 385 3500 σ.
400 3450 426 3500 6.
451 3447 485 3500 de
509 3446 602 3500 metris
626 3445 751 3500 iambicis
773 3453 881 3516 praeter
903 3447 1041 3500 trimetros
1066 3453 1094 3500 et
1122 3451 1295 3500 tetrametros
1317 3443 1383 3498 reli-

225 3532 298 3603 quis.
311 3551 338 3604 p.
354 3531 478 3586 38-42.
516 3550 537 3587 c.
561 3538 585 3584 7.
606 3532 640 3585 de
652 3539 738 3605 metro
753 3532 891 3586 trochaico
903 3539 1061 3586 tetrametro
1075 3538 1102 3586 et
1112 3531 1245 3586 trimetro.
1265 3549 1293 3602 p.
1307 3533 1383 3582 42-

227 3620 271 3672 43.
308 3637 333 3673 c.
348 3621 374 3672 8.
400 3618 434 3674 de
456 3617 598 3673 trochaicis
623 3617 745 3672 dimetria
764 3616 878 3689 aliisque
901 3617 1070 3672 brevioribus
1088 3617 1212 3672 versibus
1229 3613 1382 3672 trochaicis.

225 3721 252 3774 p.
271 3705 392 3757 43-44.
431 3721 454 3757 c.
475 3705 500 3756 9.
527 3703 560 3758 de
584 3712 671 3760 metro
696 3703 803 3758 cretico.
833 3722 860 3776 p.
881 3706 1004 3756 ‹ll-45.
1042 3707 1128 3758 c.10.
1156 3703 1190 3757 de
1208 3710 1296 3757 metro
1313 3701 1384 3755 bac-

227 3790 318 3844 chiaco
342 3797 370 3844 et
391 3787 628 3860 palimbacchiaco.
673 3806 696 3843 c.
720 3791 760 3842 11.
792 3789 826 3845 de
850 3795 937 3843 metro
957 3787 1111 3844 molossico.
1155 3791 1235 3843 c.12.
1263 3788 1296 3842 de
1321 3803 1380 3840 me-

223 3883 268 3930 tro
287 3875 455 3931 dochmiaco.
474 3893 500 3946 p.
521 3877 645 3929 45—49.
683 3893 706 3930 c.
725 3877 764 3928 13.
786 3875 820 3930 de
837 3883 923 3952 metro
943 3873 1077 3946 dactylico
1096 3892 1123 3945 p.
1138 3875 1261 3927 49-61,
1299 3889 1323 3927 c.
1340 3873 1381 3929 14.

226 3961 261 4016 de
278 3970 365 4018 metro
385 3961 566 4032 anapaestico.
604 3979 627 4016 c.
650 3964 690 4014 15.
712 3961 746 4014 de
765 3960 919 4031 anapaestis
937 3960 1074 4030 legitiruia.
1094 3977 1121 4032 p.
1138 3963 1261 4014 51-52.
1300 3977 1323 4013 c.
1341 3961 1382 4011 16.

223 4045 260 4100 de
278 4047 430 4118 anapaestis
449 4047 612 4118 spondiacis.
650 4064 674 4102 c.
691 4049 731 4100 11.
757 4047 791 4100 de
815 4046 994 4116 anapaesticis
1017 4046 1182 4100 tetrametrls
1207 4045 1380 4101 catalecticis.

226 4151 251 4187 c.
268 4135 307 4187 ts.
328 4133 362 4188 cle
379 4139 466 4186 metro
485 4131 677 4188 choriambico.
715 4149 739 4186 c.
756 4135 797 4188 19.
818 4132 851 4188 de
865 4140 951 4186 metro
964 4131 1104 4203 glyconeo.
1142 4147 1165 4185 c.
1181 4133 1224 4184 21.
1249 4129 1283 4185 tle
1295 4138 1384 4186 metro

223 4219 315 4274 ionico
334 4237 351 4274 a
369 4218 476 4272 minori.
505 4224 540 4290 (p.
561 4221 592 4271 61
606 4221 657 4289 sq.)

204 4325 331 4412 „Q
357 4331 531 4388 Gotthold.
573 4323 671 4389 ueher
698 4321 761 4390 den
795 4321 1060 4388 schluszcreticus
1094 4319 1152 4388 des
1183 4319 1386 4388 iambischen
