3268 4906
645 221 685 288 >a
720 213 813 286 liae
853 204 1055 288 duodeci?

268 301 288 362 4
592 319 617 366 1.
663 317 773 365 mnnx
795 284 1130 366 douuuursrrouun.

295 485 363 540 dens
390 485 482 542 dativo
499 486 620 557 positum
646 489 824 558 cogitandum
847 495 889 544 est
916 491 956 556 (ut
981 489 1060 562 χέρας
1086 487 1250 559 ltpsarlsour
1277 489 1369 558 gladio
1389 507 1455 544 cae-

294 571 398 636 dautes)
418 589 444 642 p.
468 575 605 642 1611.-
632 592 728 628 eorum
756 575 952 629 obiectivorum
976 574 1005 628 in
1028 574 1129 644 quibus
1153 574 1305 629 membrum
1328 576 1456 646 pendeus

293 658 468 728 subsequitur
485 660 637 714 membrum
655 677 753 730 regens
772 678 830 716 esse
847 666 938 732 potest
960 667 1008 716 aut
1025 659 1190 716 adiectivum
1207 667 1255 714 aut
1272 661 1385 718 verbum
1403 671 1455 717 aut

291 744 466 816 praepositio.
488 773 519 784 -
538 745 573 800 de
590 743 658 800 heora
682 745 702 800 τ’
725 747 829 822 ἔνορκον
854 746 925 800 olaus
948 746 1081 802 similibus
1104 763 1131 816 p.
1154 748 1194 800 18.
1215 776 1250 786 -
1273 765 1302 818 p.
1323 750 1446 802 20-24,

291 865 325 902 ex
342 847 481 904 adiectivis
500 847 629 903 derivatis
648 848 780 904 nonnulla
804 849 833 904 in
853 837 910 920 ιμ-ος
929 848 1058 904 exeuntia
1075 855 1261 904 recensentur.

343 953 394 1014 22.
420 959 559 1028 nappe,
590 951 794 1018 Adalbortus.
828 952 869 1020 de
890 952 1165 1038 comparationum
1188 959 1219 1018 et
1241 952 1452 1038 metaphora-

254 1073 325 1118 rum
347 1054 434 1140 apud
449 1055 591 1140 tragicos
607 1055 747 1121 Graecos
759 1075 830 1121 usu.
857 1057 968 1140 Progr.
986 1075 1096 1142 gymn.
1123 1054 1330 1142 Leucophaei
1345 1057 1448 1122 Bero-

254 1155 401 1224 liuensis.
427 1157 571 1224 Berolini
595 1161 688 1224 1859.
710 1163 758 1222 ¹4⁰.
785 1161 874 1245 8pp.
1023 1149 1024 1155 ’

341 1262 568 1335 2311111111,
597 1259 627 1326 J.
659 1260 700 1334 de
728 1260 824 1326 trium
852 1259 1052 1328 attractionis
1082 1281 1238 1346 generum
1265 1281 1326 1328 usu
1359 1262 1451 1348 apud

254 1363 405 1446 tragicos.
430 1363 568 1430 Dissert.
593 1363 701 1448 inaug.
728 1364 943 1432 Vratislaviae
969 1367 1062 1431 1862.
1089 1367 1133 1430 8⁰.

340 1467 393 1530 24.
418 1465 534 1533 idem.
568 1465 609 1532 de
630 1466 830 1533 attractionis
845 1487 906 1533 usu
928 1467 961 1532 in
979 1466 1136 1533 infinitivo
1151 1467 1344 1551 tragicorum
1365 1468 1448 1535 locis

254 1567 391 1635 collatis.
410 1570 519 1652 Progr.
539 1589 648 1654 gymn.
666 1568 889 1636 Fridericiani.
907 1569 1136 1636 Vratislaviae.
1165 1573 1258 1636 1871.
1276 1575 1308 1635 4.
1331 1575 1368 1636 16
1384 1593 1442 1658 pp.

357 1687 453 1758 cap.I.
474 1688 544 1742 ratio
562 1689 731 1743 attractionis
755 1689 913 1760 explicatur.
951 1706 1010 1759 cap.
1024 1689 1063 1743 ΙΙ.
1084 1689 1137 1744 1οοὶ
1160 1691 1327 1760 tragicorum
1345 1691 1449 1762 quibus

288 1773 432 1844 genetivus
449 1781 497 1827 aut
514 1774 622 1830 dativus
645 1774 815 1830 attractionis
837 1775 979 1844 neglectus
996 1784 1048 1831 est.
1067 1807 1102 1818 -
1128 1775 1302 1844 Intellegitur
1319 1777 1442 1848 Aeschy7

221 1881 228 1901 ι
253 1854 256 1861 '
286 1857 343 1911 lum
361 1865 389 1912 et
407 1859 528 1914 crebrius
547 1866 574 1914 et
592 1859 748 1914 distinctius
766 1860 948 1929 subtiliusque
965 1878 1046 1930 quam
1069 1860 1187 1932 reliquos
1204 1862 1338 1931 tragicos,
1358 1863 1446 1920 Euri·

285 1943 376 2014 pidem
395 1961 457 1998 cum
473 1945 559 1999 multo
577 1945 690 1999 liberius
708 1953 767 2000 tum
784 1946 922 2000 rarissime
940 1964 972 2000 ea
989 1948 1152 2003 attractione
1170 1966 1249 2002 usum
1268 1965 1337 2004 esse.

337 2050 389 2110 25.
414 2057 553 2114 Proske.
584 2047 625 2114 de
648 2048 827 2116 enunciatis
849 2048 999 2118 finalibus
1022 2051 1110 2138 apud
1131 2051 1269 2136 tragicos
1286 2051 1441 2118 Graecos.

163 2163 166 2176 ·
251 2149 387 2216 Dissert.
411 2150 521 2236 inaug.
547 2151 761 2218 Vratislaviae
787 2155 879 2218 1861.
906 2156 950 2219 8⁰.

337 2257 390 2320 26.
415 2258 563 2329 Radtke,
597 2254 772 2322 Gustavus.
809 2255 849 2322 de
881 2257 981 2342 tropis
1010 2255 1098 2340 apud
1119 2256 1259 2340 tragicos
1283 2257 1440 2324 Graecos.

212 2431 216 2440 Ι
250 2355 386 2426 Dissert.
410 2358 522 2442 inaug.
546 2357 690 2424 Berolini
715 2361 808 2424 1866.
840 2359 1013 2444 (Calvary.)
1042 2362 1086 2426 8⁰.
1113 2361 1153 2425 36
1168 2379 1224 2444 pp.

335 2478 388 2541 28.
412 2476 528 2543 idem.
560 2477 601 2542 de
629 2478 823 2562 tragicorum
846 2479 1041 2545 Graecorum
1063 2479 1175 2564 tropis.
1207 2479 1370 2545 Particula
1391 2480 1439 2545 H.

248 2579 297 2645 De
320 2579 517 2665 metaphoris
539 2599 580 2646 ex
601 2581 708 2646 verbis
731 2581 868 2648 nauticis
892 2587 925 2648 et
946 2603 987 2648 ex
1000 2581 1158 2648 venaticis
1176 2583 1296 2668 petitis.
1321 2583 1437 2668 Progr.

246 2703 356 2768 gymn.
383 2683 580 2752 Crotosohin.
609 2687 702 2750 1867.
728 2688 771 2748 4⁰.
801 2688 844 2750 10.
861 2705 916 2771 pp.

240 2789 384 2862 ...21
408 2795 563 2863 Rumpel,
582 2785 613 2852 J.
633 2783 722 2854 ‘zum
737 2787 1016 2872 sprachgebrauch
1031 2786 1089 2854 der
1104 2783 1270 2872 tragiker.’
1288 2790 1337 2856 in:
1356 2791 1439 2857 Phi-

244 2890 369 2974 lologus
392 2889 485 2956 XXI.
516 2892 633 2974 (1864.)
661 2911 694 2976 p.
723 2894 915 2955 144-147.

346 2992 381 3047 de
398 2993 590 3046 vocabulorum
608 2992 648 3046 del
657 3000 685 3047 et
695 2993 763 3064 adpo
774 3009 842 3058 usu,
862 3010 1001 3058 mensura,
1022 2993 1133 3048 sedibus
1145 2993 1174 3046 in
1185 2993 1316 3048 trimetris
1329 2993 1427 3062 agitur.

330 3098 382 3160 29.
407 3103 622 3171 Euenum,
644 3097 813 3163 Henrious.
839 3096 879 3162 de
901 3096 1079 3162 imitatione
1100 3102 1245 3162 veterum
1266 3102 1435 3181 poetarum

243 3198 399 3283 imprimis
423 3219 533 3266 eorum
554 3200 637 3266 inter
652 3200 794 3267 Graecos
816 3199 872 3282 qui
886 3199 1071 3284 tragoedias
1087 3199 1293 3284 scripserunt.
1318 3200 1431 3282 Progr.

242 3321 351 3386 gymn.
377 3300 544 3386 Augustae
566 3301 694 3370 Vindel.
723 3305 816 3368 1836.
841 3306 886 3368 4⁰.
915 3306 953 3367 12
969 3324 1024 3388 pp.

329 3407 380 3470 30.
406 3413 583 3480 sumator,
616 3407 658 3472 H.
694 3404 735 3472 do
756 3405 897 3472 Dorismi
925 3406 960 3472 in
988 3403 1164 3490 tragoediis
1193 3402 1327 3470 craecis
1355 3423 1431 3470 usu.

239 3509 349 3591 Progr.
376 3529 487 3593 gymn.
514 3509 658 3576 coccus.
687 3510 782 3574 1866.
806 3513 851 3573 4⁰.
879 3511 918 3573 12
933 3529 990 3594 pp.

327 3614 378 3675 31.
404 3607 639 3703 schmidalde
662 3610 814 3696 epithetis
830 3611 1012 3696 compositis
1034 3611 1069 3676 in
1091 3609 1265 3693 tragoediis
1281 3611 1430 3678 Graecis.

238 3714 375 3780 Dissert.
392 3714 503 3797 inaug.
527 3714 670 3781 Berolini
694 3717 789 3780 1865.
816 3716 859 3780 8⁰.

324 3819 376 3882 32.
403 3825 574 3891 Schmidt,
598 3817 638 3883 G.
664 3819 702 3882 R.
736 3817 776 3883 de
806 3815 940 3902 epitheti
966 3815 1001 3881 in
1022 3815 1205 3902 periphrasi
1233 3817 1433 3883 sustantivo-

237 3941 307 3988 rum
329 3920 532 3990 traiectione.
558 3921 668 4008 Progr.
694 3941 803 4006 gymn.
829 3920 1126 4004 Torgouiae1849.
1153 3925 1197 3986 41.
1228 3923 1264 3983 11
1282 3941 1338 4006 pp.

338 4041 424 4094 paene
441 4029 516 4078 totus
534 4031 658 4078 versatur
675 4023 782 4078 libellus
800 4023 831 4077 in
847 4021 1011 4077 Homericae
1033 4029 1061 4078 et
1077 4023 1197 4092 tragicae
1216 4021 1344 4078 dictionis
1362 4038 1431 4093 pro-

269 4108 385 4180 prietate
407 4109 563 4180 aperienda.

321 4214 372 4278 33.
399 4222 604 4290 1111111111,
627 4213 667 4280 de
683 4213 860 4280 accusativi
874 4212 962 4299 apud
983 4212 1123 4298 tragicos
1138 4211 1333 4280 Graecorum
1349 4229 1423 4307 usu.

233 4317 320 4383 Diss.
344 4316 456 4402 inaug.
481 4319 573 4386 Halis
596 4317 676 4385 Sar.
703 4317 798 4382 1854.
825 4317 868 4382 8⁰.
