3268 4906
475 227 525 290 Da,
545 217 645 306 “lq-aq.
675 191 842 280 didisti}
946 279 949 284 ¹

495 324 520 370 1.
568 323 677 371 nvnnx
694 303 1030 392 *connnvmnonnn
1344 309 1363 372 3

170 495 214 563 dc
237 496 321 582 epici
343 495 497 563 sermonis
520 494 667 561 licentiis.
694 495 805 578 Progr.
830 512 940 578 gymn.
967 492 1173 577 Spandoviae
1196 497 1288 562 1870.
1314 502 1359 563 4⁰.

173 601 217 664 26
233 621 290 686 nn·
801 601 807 620 '

280 701 301 755 1.
322 701 476 772 praemissis
495 701 598 770 aliquot
617 700 650 753 de
668 697 797 752 Dorismo
821 697 850 750 in
868 697 1025 752 universum
1043 699 1280 756 observationibus
1301 708 1334 776 (p.
1350 709 1361 758 1

214 790 276 854 -3l
299 788 441 842 disseritur
459 787 493 842 de
510 787 632 840 Dorismi
650 803 703 839 usu
721 785 751 838 iu
767 785 929 855 anapaestis.
953 790 987 855 lp.
1008 787 1106 850 3-9.)
1136 817 1172 828 -
1195 787 1232 842 Π,
1253 789 1287 844 de
1306 792 1368 862 epia

211 875 250 929 cis
267 874 364 943 tragici
382 874 515 928 sermonis
532 873 658 927 licentiis.
684 871 858 942 praecedenti
881 870 965 940 capiti
983 871 1016 924 de
1034 871 1234 941 antiquioribus
1251 876 1365 932 vocibus

209 961 313 1014 Atticis
334 964 368 1030 (p.
392 961 509 1025 tlt—13)
532 958 708 1027 subiungitur
726 975 784 1028 cap.
805 957 829 1011 1.
849 958 882 1012 de
900 957 1051 1012 litterarum
1068 959 1175 1028 poetico
1193 978 1254 1016 usu.
1285 980 1310 1016 a.
1331 964 1365 1018 de

215 1045 361 1102 vocalismo
380 1045 504 1116 stirpium
517 1053 546 1099 et
563 1043 738 1100 derivationis
755 1053 790 1114 (p.
804 1045 923 1107 14-1t]
935 1064 940 1096 :
960 1044 988 1096 b.
1004 1043 1194 1100 devocalismo
1207 1047 1365 1104 inflexione

212 1132 357 1186 nominum
382 1135 419 1202 lp.
445 1133 580 1196 ll-2ol:
607 1148 631 1185 c.
652 1130 685 1185 de
708 1130 923 1184 consonantibus
950 1134 985 1200 (p.
1012 1132 1144 1198 20—21).
1187 1149 1246 1202 cap.
1267 1134 1304 1188 II.
1332 1135 1365 1190 de

215 1218 357 1272 nominum
381 1223 409 1272 et
425 1218 571 1270 verborum
592 1216 707 1288 poeticis
725 1216 828 1270 formis.
858 1234 883 1270 a.
904 1217 937 1270 de
956 1215 1069 1270 articulo
1092 1220 1127 1288 (p.
1148 1219 1261 1287 21sq.):
1288 1222 1315 1275 b.
1331 1222 1365 1276 de

210 1304 374 1374 pronomine
398 1320 424 1373 p.
446 1304 478 1355 22
491 1319 531 1372 sq.
568 1321 590 1357 c.
612 1304 646 1357 de
668 1300 915 1374 praepositionibus
937 1319 964 1373 p.
986 1303 1110 1356 23-25:
1137 1304 1162 1357 d.
1184 1303 1217 1358 de
1235 1307 1367 1362 anomalis

215 1389 372 1444 nominibus
390 1407 417 1460 p.
437 1391 470 1442 25
483 1407 539 1458 sq.:
566 1407 590 1443 e.
611 1389 645 1442 de
663 1388 746 1459 epicis
763 1387 908 1442 verborum
925 1387 1019 1442 formis
1036 1407 1063 1461 p.
1079 1391 1201 1445 alt-28.

269 1479 320 1541 16.
343 1484 540 1550 Buchwald
566 1476 650 1543 Otto.
676 1474 717 1541 de
738 1467 758 1560 ἦ
782 1481 814 1540 et
836 1467 943 1540 οὔκουν
966 1475 1056 1560 apud
1072 1477 1212 1560 tragicos
1227 1477 1367 1546 Graecos

177 1599 252 1646 usu.
278 1579 415 1645 Dissert.
440 1579 550 1664 inaug.
574 1577 790 1644 Vratislaviae
815 1580 907 1642 1865.
935 1580 978 1642 8⁰.

270 1686 321 1746 17.
346 1690 501 1756 mosset,
525 1680 714 1747 Richardus.
746 1680 787 1746 de
816 1680 956 1746 Dorismi
983 1686 1099 1747 natura
1127 1689 1223 1767 atque
1251 1705 1312 1752 usu
1334 1687 1368 1754 in

177 1785 421 1870 tragoediarum
437 1785 631 1851 Graecarum
654 1782 806 1850 diverbiis
823 1791 854 1850 et
876 1783 1076 1868 anapaestis.
1101 1785 1237 1852 Dissert.
1255 1788 1364 1876 inaug.

177 1891 283 1958 Jenae
309 1891 401 1954 1868.
435 1889 478 1953 8⁰.
504 1892 613 1972 llpp.

271 1992 321 2056 18.
348 2000 467 2066 Gerttn,
489 1989 683 2056 Bernartius.
710 1995 847 2072 quaesti.
874 1990 914 2056 dc
931 1990 1075 2058 Graecae
1097 1993 1284 2077 tragoediae
1300 1996 1370 2063 dia·
1405 2010 1424 2063 2

180 2097 282 2177 le'cto,
305 2095 339 2160 in
362 2095 403 2161 G.
427 2095 529 2162 Curtii
544 2090 689 2160 ‘studien
710 2113 767 2158 zur
788 2093 907 2177 griecb.
934 2093 1001 2158 und
1022 2093 1133 2162 latein.
1151 2097 1366 2181 grammatik?
1410 2076 1415 2092 ’

181 2201 210 2266 1.
237 2203 268 2264 r.
300 2201 416 2284 (raca.)
444 2196 586 2283 Lipsiae.
617 2218 649 2282 p.
678 2199 871 2261 rec-aea

288 2319 346 2372 cap.
364 2304 387 2354 l.
408 2300 472 2354 artis
491 2298 599 2353 criticae
617 2298 763 2370 praesidia.
801 2317 860 2370 cap.
876 2303 900 2351 2.
922 2299 955 2353 de
974 2298 1171 2369 antiquioribus
1187 2304 1301 2358 vocibus
1319 2306 1371 2359 At-

217 2388 280 2442 ticis
294 2387 377 2453 (acio,
392 2386 483 2450 alcior,
500 2385 590 2450 cleric,
612 2385 695 2451 ἐλαία,
714 2382 821 2458 Ἀχαιὶς.
841 2384 899 2449 uici,
916 2380 1053 2456 Ἀθηναία.
1074 2388 1189 2458 προναία.
1209 2387 1280 2450 λαός,
1300 2393 1368 2452 ναός.

216 2474 300 2534 ἵλαος.
321 2473 355 2526 de
372 2471 486 2533 vocibus
503 2465 584 2546 atqie,
603 2465 693 2546 allq‘m
713 2471 747 2525 de
765 2470 1004 2526 terminationibus
1022 2472 1065 2542 ἧς
1083 2489 1132 2542 pro
1150 2479 1201 2534 εἰς.
1222 2495 1240 2546 η
1256 2493 1307 2546 pro
1325 2496 1368 2539 ειν,

221 2577 305 2632 pprc
323 2578 354 2612 ει.
374 2588 408 2598 -
433 2557 466 2612 de
490 2556 605 2626 singulis
629 2556 793 2626 quibusdam
817 2557 958 2611 nominum
982 2565 1011 2611 et
1027 2557 1171 2614 verborum
1188 2561 1370 2628 formis-orci,

220 2663 293 2700 -αιοι
308 2649 400 2720 (qai),
420 2663 493 2698 -ατο,
531 2660 589 2714 cap.
606 2644 631 2696 3.
652 2643 685 2696 de
697 2642 809 2698 vocibus
827 2642 910 2713 epicis
923 2649 950 2696 et
962 2642 1085 2698 Doricis:
1106 2662 1131 2698 a.
1145 2663 1202 2698 non
1214 2648 1370 2701 contractis.

222 2731 249 2786 b.
270 2731 304 2785 de
324 2735 431 2801 μοῦνος,
451 2729 532 2791 ξεῖνος
551 2728 696 2784 similibus.
719 2729 752 2782 de
770 2727 885 2797 singulis
908 2729 1046 2784 vocabulis
1065 2730 1158 2800 epicis.
1179 2731 1212 2786 de
1231 2733 1372 2787 nominum

222 2823 251 2870 et
267 2817 412 2871 verborum
430 2815 622 2870 declinatione.
661 2815 694 2868 dc
712 2814 825 2870 vocibus
840 2814 959 2868 Doricis.
1424 2877 1426 2884 Ι

277 2905 326 2968 19.
351 2905 494 2976 Helbig,
519 2901 560 2967 de
583 2901 707 2987 ellipsis
722 2900 810 2986 apud
824 2901 963 2984 tragicos
979 2901 1121 2968 Graecos
1136 2923 1208 2970 usu.
1233 2903 1371 2971 Dissert.

186 3007 296 3090 inaug.
322 3003 540 3072 Vratislaviae
564 3006 657 3084 1868.
685 3007 728 3070 8⁰.

274 3111 326 3173 20.
352 3115 506 3180 Hoehne,
528 3107 568 3171 A.
594 3107 635 3172 de
656 3106 805 3173 infinitivi
826 3106 916 3192 apud
938 3105 1079 3173 Graecos
1102 3109 1259 3176 classicae
1282 3118 1371 3177 aeta-

185 3214 229 3280 tis
251 3218 366 3298 poetas
387 3230 449 3276 usu
471 3210 526 3292 qui
549 3209 651 3276 fertur
671 3230 730 3294 pro
752 3209 953 3294 imperativo.
985 3210 1123 3277 Dissert.
1148 3212 1257 3298 inaug.
1290 3213 1374 3280 Vra-

185 3315 339 3383 tislaviae
364 3315 455 3378 1867.
483 3316 526 3379 8⁰.
553 3315 594 3376 40
610 3333 665 3397 pp.
1284 3371 1295 3394 ¹.

276 3421 328 3482 21.
353 3423 493 3488 Holtae,
518 3414 708 3481 Guilelmus.
734 3414 921 3482 adversaria
935 3418 1179 3502 semcsiologiac
1195 3418 1282 3503 apud
1296 3439 1375 3504 poe-

186 3529 241 3588 tas
263 3521 404 3587 Graecos
427 3537 529 3600 nsque
551 3517 594 3583 ad
614 3517 811 3603 Euripidem.
836 3520 947 3604 Progr.
972 3539 1082 3605 gymn.
1107 3521 1306 3607 Naamburg.
1327 3521 1375 3609 ad

187 3623 301 3690 Salam
325 3623 418 3686 1866.
445 3625 489 3686 4⁰.
515 3625 556 3685 44
572 3641 628 3706 pp.
731 3637 737 3654 ⁸

295 3727 318 3778 1.
348 3723 382 3776 de
409 3722 578 3777 abundantia
602 3723 734 3777 sermonis
761 3723 790 3776 in
818 3723 974 3780 nominibus
1001 3725 1160 3798 conspicua
1187 3746 1213 3798 p.
1234 3732 1321 3783 2-8.
1341 3759 1376 3768 -

225 3812 251 3864 2.
271 3808 435 3864 adiectivum
453 3826 509 3863 non
527 3809 697 3864 substantivo
715 3809 744 3864 in
761 3809 889 3879 genetivo
906 3811 1011 3881 posito,
1033 3811 1076 3865 cui
1090 3812 1215 3878 debebat,
1236 3814 1285 3868 sed
1296 3814 1375 3868 alteri

226 3893 398 3950 substantivo
415 3894 489 3948 unde
508 3895 651 3965 genetivus
670 3895 716 3949 ille
734 3894 851 3966 pendet,
875 3897 1032 3967 apponitur.
1052 3916 1080 3970 p.
1100 3900 1126 3954 6.
1163 3902 1188 3955 3.
1208 3900 1242 3954 de
1260 3899 1376 3956 adiecti-

224 3997 320 4036 vorum
338 3979 516 4050 quorumdam
534 3981 726 4035 coniunctione
744 3999 806 4034 cum
823 3981 960 4050 genetivo.
985 3999 1012 4054 p.
1033 3986 1121 4038 6-8.
1158 3987 1184 4038 l.
1210 3985 1243 4038 de
1262 3985 1375 4042 adiecti-

226 4066 268 4121 vis
286 4065 441 4136 compositis
459 4065 487 4119 iu
506 4066 662 4121 universum
680 4083 825 4135 eorumque
850 4067 1042 4123 coniunctione
1060 4087 1122 4124 cum
1139 4070 1317 4126 substantivis
1338 4077 1378 4140 lut

228 4151 381 4224 μεσόμφαλα
397 4158 444 4224 γᾶς
462 4157 569 4220 μαντεῖα
581 4151 640 4204 OR.
655 4154 726 4217 480).
740 4182 776 4191 -
794 4155 818 4205 5.
833 4154 985 4222 possessiva
1003 4173 1119 4226 quornm
1136 4155 1211 4226 prius
1227 4159 1377 4212 membrum

228 4237 368 4291 numerale
392 4243 443 4292 est.
471 4255 499 4308 p.
522 4240 602 4306 10sq.
630 4267 665 4276 —
692 4239 716 4291 6.
743 4238 893 4310 composita
920 4239 1127 4294 determinativa
1151 4259 1179 4312 p.
1202 4245 1322 4298 11-13.
1343 4275 1377 4286 -

231 4325 258 4380 7.
276 4321 412 4378 obiectiva
430 4340 450 4375 s.
472 4323 621 4393 composita
635 4322 834 4394 dependentiae
851 4342 878 4395 p.
895 4327 1017 4381 18-16.
1054 4331 1078 4380 8.
1098 4327 1299 4384 substantivum
1310 4347 1380 4402 peu-

1137 4431 1173 4482 1*
