3268 4906
689 325 888 374 PRAEFATIO.
1360 327 1382 373 V

195 497 324 563 afferret
351 515 428 562 usus
458 496 573 579 quibus
602 495 780 562 destinatus
804 503 899 563 esset.
948 497 1092 579 Cumque
1114 501 1179 562 tam
1201 515 1300 581 saepe
1323 517 1379 562 co-

196 615 379 699 gnovissem
394 616 468 682 sciri
484 615 611 699 quidem
626 615 697 698 quis
722 615 858 682 alicuius
874 617 1076 684 coniecturae
1099 622 1185 683 esset
1207 623 1325 697 auctor,
1344 615 1379 681 in
1480 643 1483 650 ·

195 756 258 820 quo
280 736 388 803 libello
411 756 482 802 eam
504 736 705 822 protulisset,
739 736 872 817 nesciri,
906 737 1034 803 tertium
1060 736 1177 802 addere
1199 735 1377 802 indiceme

199 876 233 922 re
255 856 357 922 visum
380 864 429 923 cst
451 877 513 940 quo
536 864 700 923 anctorum
722 856 852 922 nomina
873 856 1022 923 indicatis
1044 857 1243 940 singulorum
1265 855 1378 921 unius-

194 976 347 1059 cuiusque
370 977 669 1043 commentationum
691 977 830 1042 numeris
852 976 950 1043 facile
973 983 1108 1061 possent
1129 975 1271 1060 reperiri.

283 1096 352 1174 Quo
375 1097 493 1182 triplici
513 1096 619 1164 indice
641 1096 838 1163 conficiendo
859 1097 970 1162 usibus
993 1116 1103 1162 eorum
1124 1096 1178 1178 qui
1199 1095 1233 1160 in
1254 1094 1378 1180 Sopho-

152 1233 157 1248 ·
195 1216 256 1282 clis
285 1215 403 1284 fabulis
433 1216 633 1302 explicandis
660 1217 725 1282 iam
756 1215 875 1282 dudum
904 1215 1104 1283 habitassent
1132 1216 1252 1301 pariter
1280 1223 1377 1299 atque

195 1356 305 1403 eorum
327 1339 382 1422 qui
403 1337 631 1422 philologicam
652 1336 806 1404 rationem
829 1336 929 1403 secuti
952 1336 1058 1403 studia
1073 1355 1133 1402 sua
1155 1336 1198 1428 ad
1219 1355 1377 1401 summum

196 1457 354 1540 tragicum
377 1456 632 1541 cognoscendum
654 1455 810 1522 conlaturi
825 1462 942 1539 essent,
962 1456 1080 1540 optime
1094 1477 1146 1523 mc
1161 1457 1377 1522 consulturum

196 1579 376 1662 sperabam.
424 1568 535 1662 Neque
550 1578 678 1644 inanem
694 1576 813 1643 fovisse
835 1596 926 1660 spem
947 1575 1026 1642 mihi
1048 1575 1179 1644 videbar
1200 1583 1377 1660 stuperem

198 1718 282 1780 quae
304 1718 363 1782 par
385 1704 471 1764 esset
492 1697 654 1783 proposito
677 1695 924 1782 consumpsisse.
971 1681 1171 1780 Quamquam
1195 1696 1297 1763 fateor
1319 1716 1377 1782 po-

197 1818 300 1884 tuisse
321 1817 406 1900 fieri,
442 1825 477 1884 ιιι
505 1817 538 1882 in
566 1823 656 1883 tanta
691 1817 870 1884 libellorum
892 1816 988 1901 copia
1009 1816 1156 1882 nonnulli
1177 1815 1376 1900 diligentiam

197 1957 302 2004 meam
330 1936 512 2006 fefellerint.
560 1937 771 2004 Recensioncs
798 1957 881 2020 quae
911 1937 1059 2003 dicuntur
1087 1943 1118 2002 et
1141 1936 1314 2002 editionum
1345 1944 1378 2002 et

195 2057 499 2125 commentationum
515 2057 657 2124 consulto
680 2057 781 2139 omisi,
808 2076 880 2123 cum
895 2057 971 2140 quia
985 2057 1160 2141 pleraeque
1174 2062 1283 2122 essent
1297 2076 1377 2121 ano-

197 2198 314 2263 nymae
335 2183 402 2244 tum
424 2185 595 2264 propterca
616 2177 701 2260 qnod
722 2178 807 2245 aliae
828 2177 1003 2256 indicandi,
1021 2197 1084 2244 non
1098 2175 1264 2243 iudicandi
1279 2196 1378 2242 cause

198 2298 386 2364 brevissime
409 2298 545 2384 scriptae
567 2317 630 2364 non
652 2305 720 2364 erat
742 2316 799 2364 cur
814 2303 1086 2364 enumerarentur.
1118 2297 1249 2379 Eligere
1271 2303 1377 2362 autem

195 2418 421 2502 gravissimam
454 2438 611 2501 quamque
644 2419 684 2484 ab
717 2416 850 2485 huiusce
884 2417 957 2483 libri
990 2417 1134 2483 instituto
1171 2416 1373 2483 abhorrebat.

199 2537 235 2604 Si
263 2557 327 2620 qua
355 2538 421 2604 alia
443 2538 723 2618 desiderabuntur,
749 2538 903 2604 benevole
931 2545 965 2604 ut
991 2557 1122 2604 monear
1155 2537 1252 2602 etiam
1280 2543 1377 2619 atque

196 2657 294 2724 ctiam
315 2677 393 2742 rogo
415 2658 672 2741 indefessamque
693 2658 727 2722 in
751 2657 950 2724 emendando
965 2657 1175 2742 augendoque
1193 2656 1273 2723 hoca
1296 2655 1377 2722 libro

198 2798 329 2863 operam
356 2797 461 2844 meam
493 2779 655 2864 polliceor.
702 2777 772 2855 Quo
801 2779 872 2844 loeo
894 2777 1038 2861 insignes
1071 2777 1118 2844 cis
1147 2777 1226 2842 uiris
1255 2776 1376 2860 gratiam

200 2897 303 2966 refero
325 2897 380 2980 qui
401 2897 520 2965 libellis
543 2918 622 2981 quos
644 2899 684 2966 de
707 2898 844 2983 singulis
860 2896 1026 2983 Sophoclis
1041 2896 1120 2962 locis
1135 2902 1379 2981 composuerunt

200 3017 397 3085 transmissis
419 3039 470 3085 me
493 3019 682 3086 adiuverunt
703 3039 807 3102 neqne
829 3018 934 3083 minus
957 3023 1082 3100 gratnm
1103 3018 1274 3101 praestabo
1306 3017 1378 3082 ani-

200 3158 287 3204 mum
309 3139 355 3206 cis
378 3139 432 3221 qui
454 3158 534 3221 quos
549 3139 664 3206 abhinc
680 3138 720 3206 de
743 3137 901 3225 Sophocle
916 3137 1126 3220 conseribant,
1145 3137 1285 3221 augendi
1300 3157 1378 3201 con-

198 3258 406 3341 tinuandique
427 3257 561 3326 huiusce
582 3259 655 3325 libri
678 3279 775 3325 eausa
797 3259 875 3324 mihi
897 3265 952 3325 aut
972 3257 1060 3343 ipsos
1086 3256 1300 3322 transmittent
1322 3263 1378 3322 ant

199 3378 277 3460 quid
298 3379 345 3445 eis
374 3379 573 3445 contineatur
601 3398 658 3464 pro
690 3378 763 3444 libri
790 3379 913 3445 ratione
940 3377 1114 3444 indicatum
1145 3396 1269 3444 mecum
1292 3396 1378 3442 com-

199 3498 414 3564 municabunt.
477 3499 603 3564 Dabam
639 3516 876 3566 rnauconunnr
912 3517 959 3563 an
996 3515 1152 3564 nonnum.
1206 3514 1379 3562 nannunrs

199 3634 410 3685 ocronnrnus
433 3636 735 3685 nncccnxxrrr.
