3268 4906
546 189 604 266 Da
658 159 808 258 tiociis
822 213 844 248 vl
855 205 877 244 ἢ

489 332 513 378 1.
559 331 668 379 mnnx
690 331 1022 380 comrnursmouuu.
1327 317 1365 378 15

268 506 340 568 118.
364 473 615 579 Hammonius,
639 503 670 569 J.
697 502 872 588 Sophocles
895 523 957 586 quo
980 504 1050 569 iure
1072 503 1203 570 Homeri
1225 503 1367 569 imitator
1383 489 1567 594 misy&

181 606 317 673 dicatur.
349 608 458 691 Progr.
490 626 638 693 gymnas.
676 606 885 692 (Marcellen).
916 606 1069 673 Coloniae
1091 607 1246 674 Ubiorum
1271 609 1365 672 1869.

180 715 224 774 4.
254 714 497 887 ῙῨῙΙὲιΗοιιοο,
528 813 563 879 O.
596 813 633 879 O.
672 813 771 878 neher
807 812 1107 897 personificierende
1141 812 1283 898 epitheta
1315 811 1487 933 ὶιοίρψι
1505 841 1569 897 340

179 915 401 1000 griechischen
424 915 585 1000 dichtem‚
612 915 840 982 inshesondere
865 915 917 981 hei
939 916 1072 1000 Pinhor,
1099 916 1280 1002 Aeschylus
1303 914 1369 981 und

181 1018 364 1105 Sophocles.
390 1021 500 1105 Progr.
524 1040 635 1106 gymn.
659 1018 880 1114 Helberstudt.
909 1020 1002 1084 1856.
1028 1025 1071 1084 4⁰.
1099 1023 1138 1084 24
1155 1041 1209 1105 pp.
1277 1093 1279 1100 ,

283 1157 309 1210 p.
331 1142 435 1194 2-11.
466 1141 555 1210 agitur
583 1140 617 1195 de
643 1137 781 1196 vocabulis
808 1155 870 1192 cum
897 1138 938 1209 ὤψ
965 1138 1136 1210 compositi,
1162 1140 1196 1194 de
1214 1139 1366 1210 πρόσωπον,

215 1226 298 1290 imo,
320 1225 456 1298 βλέφαρον.
494 1244 520 1298 p.
543 1228 662 1280 17-24.
690 1228 723 1282 de
742 1227 869 1298 epithetis
887 1245 904 1282 a
920 1226 998 1291 ποὺς,
1019 1226 1096 1290 πέζα,
1120 1226 1215 1297 σφυρόν
1233 1221 1368 1278 similibus

214 1312 311 1366 ductis.
330 1341 366 1350 -

283 1397 448 1452 Prodromns
473 1397 526 1451 fuit
548 1398 657 1452 libellus
674 1399 782 1453 maioris
802 1400 891 1470 operis
909 1406 1005 1471 postea
1022 1397 1089 1452 editi
1109 1393 1256 1468 ‘poetische
1274 1413 1368 1466 perso-

215 1483 355 1538 nification
377 1483 407 1536 in
428 1483 613 1552 griechischen
637 1485 805 1555 dichtuugen
827 1486 878 1540 mit
895 1483 1172 1554 bernecksichtiguug
1196 1482 1368 1539 lateinischer

216 1569 320 1624 dichter
338 1569 395 1623 und
414 1568 590 1642 Shaksperes.
624 1570 705 1624 Halia
730 1570 868 1626 Saxonum
888 1573 962 1624 1868.
983 1570 1044 1624 Vol.
1064 1571 1087 1624 1.
1112 1573 1187 1626 8⁰m.
1212 1569 1324 1624 XXXII
1341 1574 1369 1621 et

216 1657 266 1708 286
278 1672 325 1726 pp.
362 1655 439 1709 ouius
457 1645 724 1727 operis'particulam
748 1656 870 1711 ediderat
888 1675 913 1712 a.
936 1660 1001 1710 1864
1025 1657 1053 1710 in
1070 1662 1271 1727 programmate
1289 1673 1368 1726 gym-

217 1759 274 1796 nos.
295 1741 502 1796 Parchimensis.
528 1744 571 1809 (1⁰.
592 1742 658 1796 XIV
677 1745 704 1796 et
723 1745 755 1795 52
767 1746 824 1814 pp.)

270 1866 340 1927 120.
366 1865 501 1940 Jasper.
525 1863 562 1929 0.
580 1864 617 1928 F.
635 1863 673 1928 Ε.
700 1884 756 1928 zur
777 1863 867 1930 lehre
892 1883 955 1930 von
976 1863 1033 1928 der
1048 1869 1370 1946 zusammensetzung

180 1965 395 2050 griechischen
422 1966 551 2032 nomina
573 1967 638 2032 und
660 1967 718 2033 der
738 1966 957 2050 verwendung
978 1966 1211 2051 componierter
1232 1971 1368 2032 woerter

183 2069 218 2134 in
244 2069 310 2140 deu
337 2069 524 2154 tragoedien
550 2068 608 2136 des
636 2068 820 2153 Sophocles,
852 2071 962 2154 Progr.
986 2089 1096 2154 gymn.
1130 2069 1254 2162 Altona'
1273 2071 1365 2134 1868.
1422 2092 1426 2106 .

183 2177 226 2236 4⁰.
253 2174 290 2236 31
308 2192 362 2257 pp.

286 2292 313 2344 p.
336 2276 440 2329 1-11.
468 2275 669 2346 comparatione
693 2274 849 2345 linguarum
875 2276 1156 2346 indogcrmanicarum
1183 2275 1309 2329 instituta
1336 2274 1370 2329 de

219 2360 414 2432 compositione
438 2361 583 2414 verborum
607 2362 757 2431 generatim
780 2362 878 2431 agitur.
915 2380 942 2433 p.
966 2365 1005 2415 18.
1034 2368 1230 2432 percenseutur
1247 2359 1370 2430 singulm

220 2445 323 2517 species
341 2447 552 2517 compositorum
570 2445 765 2502 adverbialium
792 2451 831 2513 (ut
853 2448 1012 2520 ὑπέρμορον,
1039 2449 1224 2521 ποράχρημα),
1250 2446 1371 2501 collecti-

218 2549 313 2586 vorum
344 2537 383 2599 (ut
407 2532 567 2605 τέθριππον).
604 2549 631 2604 p.
655 2535 693 2586 19.
727 2533 897 2604 copulativae
924 2533 1126 2604 compositionis
1152 2533 1226 2604 apud
1253 2531 1371 2587 Graecos

219 2635 304 2690 paene
323 2617 462 2674 obsoletae
480 2620 594 2688 vestigia
610 2618 774 2672 indicantur.
812 2638 838 2690 p.
860 2622 902 2673 11.
928 2617 1019 2690 agitur
1041 2619 1075 2674 de
1099 2618 1255 2690 compositis
1280 2619 1372 2672 deter-

218 2703 353 2759 minativis
372 2710 394 2771 al
416 2705 451 2758 de
469 2705 522 2770 eis,
546 2705 575 2760 in
598 2705 699 2776 quibus
722 2722 822 2760 nomen
841 2704 1040 2760 substantivum
1067 2705 1121 2760 vim
1139 2704 1372 2758 determinativum

219 2788 301 2844 habet
320 2789 507 2861 (ἡμεροσκόπος
532 2809 556 2846 e.
579 2790 606 2843 h.
630 2795 674 2857 s).
711 2791 738 2857 b)
766 2791 800 2845 de
828 2789 880 2856 eis,
909 2793 938 2844 in
963 2789 1068 2861 quibus'
1086 2789 1249 2846 adiectivum
1278 2795 1317 2856 (ut
1343 2790 1372 2844 in

219 2875 412 2947 protoparens),
437 2880 460 2942 ο)
481 2877 516 2931 de
533 2877 572 2931 eis
598 2876 745 2947 inquibus
771 2876 929 2932 adverbium
950 2877 994 2931 vel
1016 2875 1149 2948 particula
1174 2877 1248 2932 idem
1270 2893 1371 2930 munus

219 2961 334 3014 sustinet
356 2961 440 3026 (utin
458 2962 633 3033 παλαίφατος,
653 2962 764 3028 ἄϋπνος,
784 2962 919 3032 εὐσέβεια).
938 2993 974 3002 -
991 2979 1018 3034 p.
1034 2965 1066 3016 24
1080 2980 1137 3034 sqq.
1163 2963 1197 3016 dc
1215 2962 1371 3034 compositis

219 3046 417 3118 dependentiae
443 3042 608 3120 (composita
631 3047 770 3102 obiectiva'
793 3047 939 3119 appellavit
961 3048 1079 3113 Curtius)
1110 3051 1133 3113 a)
1160 3066 1274 3118 quorum
1296 3049 1371 3119 prior

219 3150 282 3203 pars
308 3133 410 3203 pendet
434 3151 467 3187 ex
489 3134 575 3188 altera
599 3133 760 3204 (οἰκοφύλαξ,
790 3134 943 3206 πάγκοινος,
971 3134 1155 3207 ἡνιοστρόφος,
1183 3135 1367 3208 ταυροοφοὶρος)

219 3235 303 3289 eaque
330 3225 378 3273 aut
401 3219 548 3274 accusativi
574 3229 621 3274 aut
639 3219 721 3274 dativi
743 3223 777 3292 (p.
798 3222 838 3286 25)
867 3219 939 3274 vices
966 3220 1112 3275 sustinens.
1146 3219 1189 3286 (cf.
1213 3219 1368 3292 ξιφοκτόνος,

218 3305 365 3376 ναυβάτης.)
384 3335 419 3345 -
443 3306 470 3372 b]
492 3323 607 3376 qnorum
630 3305 704 3377 prior
729 3323 792 3376 pars
818 3306 887 3376 regit
911 3306 1031 3361 alteram.
1064 3309 1104 3372 (nt
1123 3306 1152 3359 in
1179 3305 1367 3380 ἐχθροδαίμων,

217 3389 350 3460 ἡδύπολις.
371 3419 403 3432 ·-
422 3408 448 3461 p.
469 3393 500 3444 27
515 3408 573 3462 sqq.
594 3392 628 3447 de
645 3391 803 3464 compositis
821 3391 984 3448 attributivis
1005 3396 1045 3458 (ut
1063 3392 1225 3466 βούπρῳρος,
1247 3391 1370 3466 βαθύρρι-

219 3477 276 3542 ζος,
297 3477 432 3550 ἰσόμοιρος.

273 3601 345 3664 111.
369 3606 519 3672 molatur,
542 3597 604 3664 Gn.
629 3598 672 3662 H.
708 3598 807 3666 ueber
829 3598 889 3664 das
911 3605 1111 3682 sogcnannte
1132 3599 1243 3665 innare
1266 3599 1371 3684 object

186 3702 269 3767 nach
301 3701 423 3768 seinem
451 3700 570 3784 begriff
594 3700 661 3767 und
690 3701 803 3768 seinen
831 3706 938 3785 arten,
975 3701 1037 3767 wic
1065 3702 1113 3768 sie
1142 3701 1211 3768 sich
1233 3702 1371 3769 beiden

184 3804 350 3888 traglkem
371 3803 438 3869 und
458 3802 634 3870 besonders
656 3803 709 3870 bei
730 3804 906 3890 Sophocles
929 3804 1114 3871 dorstellen.
1140 3805 1250 3888 Progr.
1275 3825 1371 3890 gym-

184 3926 254 3974 nas.
279 3906 420 3974 Meldorf
440 3908 533 3971 1858.
558 3910 603 3969 4⁰.
632 3910 670 3972 16
685 3928 743 3992 pp.

273 4013 342 4075 122.
368 4017 563 4084 Kotsmioh,
587 4009 627 4074 Α.
663 4011 762 4078 neber
783 4009 836 4078 die
859 4010 1034 4095 composito
1056 4011 1100 4077 im
1129 4009 1368 4096 Griechischen,

184 4113 412 4180 insbesondere
434 4113 486 4180 hei
509 4111 694 4196 Sophocles.
727 4115 836 4199 Progr.
868 4134 1017 4199 gymnas.
1049 4114 1179 4180 Bruenn
1203 4116 1297 4178 1865.
1322 4120 1368 4180 4⁰.

191 4217 325 4302 (Berlin,
350 4216 515 4302 Calvary.)
1198 4229 1210 4252 ⁰

271 4321 342 4386 123.
367 4329 546 4394 zammer,
568 4320 746 4404 Rupertus..
765 4321 863 4388 ucher
885 4319 948 4388 den
970 4319 1134 4404 gebrauch
1155 4319 1213 4387 des
1234 4321 1370 4406 pluralis
