3268 4906
238 353 274 398 IV
726 352 927 401 PRAEFATIO.

243 541 293 587 me
321 521 478 588 facturum
505 521 685 588 arbitrabar
715 524 861 590 omuibus
890 525 945 607 qui
975 525 1091 590 studiis
1106 524 1148 591 ad
1172 525 1287 591 summi
1308 526 1422 609 tragici

242 641 369 709 fabulas
406 641 613 726 explicandas
650 643 788 709 conlatis
825 644 969 727 quamvis
1003 665 1061 710 suo
1088 645 1190 711 Marto
1222 645 1273 712 fisi
1310 650 1418 712 tamen

239 781 297 828 nee
321 762 487 848 aspernari
515 763 649 828 aliorum
680 762 820 828 virorum
841 753 1005 830 doctorum
1035 785 1168 831 acumen
1198 772 1230 832 ot
1257 765 1419 849 ingenium
1477 845 1483 860 .

240 883 361 948 vellent
389 903 448 949 nec
477 883 539 967 ipsi
568 883 703 967 perdere
734 903 866 968 operam
901 884 1134 973 investigandis
1171 886 1419 952 enucleandisve

155 984 160 1002 '
238 1002 286 1069 eis
316 1004 411 1070 rebus
442 1023 524 1086 quae
547 1004 587 1069 ab
610 1004 683 1070 aliis
705 1003 770 1070 iam
797 1004 916 1069 dudum
946 1011 1054 1074 essent
1083 1006 1162 1071 satis
1190 1005 1361 1090 diligenter
1390 1014 1421 1072 et

239 1123 368 1209 copioso
395 1124 572 1209 expositae.

301 1243 444 1309 Iudicem
465 1244 572 1328 ipsum
601 1242 686 1325 quod
708 1243 749 1309 ab
772 1263 856 1310 anno
878 1242 973 1310 huius
997 1247 1120 1313 saeculi
1141 1246 1299 1312 tricesimo
1330 1253 1419 1312 sexto

239 1363 378 1448 incipere
401 1364 638 1442 constituerem,
663 1363 732 1439 eius
756 1363 803 1429 rei
825 1363 946 1448 duplex
969 1365 1098 1432 suberat
1120 1385 1311 1450 capsanus
1334 1366 1419 1448 qnod

239 1483 273 1548 in
295 1483 465 1549 dictionem
488 1482 699 1568 Sophocleam
721 1483 952 1566 inquirentibus
974 1486 1116 1552 Ellendti
1138 1487 1242 1552 lexico
1265 1486 1350 1570 quod
1364 1487 1419 1552 illo

238 1624 321 1669 anno
345 1603 463 1670 editum
486 1610 535 1670 est
557 1610 722 1692 tantopere
738 1605 917 1669 consultum
932 1606 1092 1688 videbam,
1116 1614 1312 1692 quantopere
1334 1605 1420 1672 haud

239 1724 304 1789 scio
339 1744 380 1788 an
412 1724 493 1788 nulli
529 1723 585 1790 alii
619 1723 814 1790 Graecorum
847 1731 1029 1808 poetarum:
1064 1727 1167 1792 altera
1194 1727 1278 1809 quod
1307 1727 1417 1793 eodem

240 1864 324 1910 anuo
347 1843 433 1908 Guil.
458 1842 643 1909 Dindorfius
668 1843 889 1910 ‘Oxonieuses
912 1846 1134 1912 annotationes
1157 1847 1199 1936 ad
1228 1846 1326 1931 Soph.
1352 1854 1419 1913 tra-

239 1963 387 2046 goedias'
418 1963 518 2028 edidit
546 1963 660 2046 quibus
698 1965 935 2048 tragoediarum
970 1965 1140 2049 explicatio
1177 1973 1209 2032 et
1248 1967 1419 2032 illustratio

239 2103 431 2169 magnopere
454 2090 598 2168 promota
627 2089 686 2150 est.
733 2083 856 2161 Quibus
890 2084 979 2151 libris
1010 2091 1162 2168 tauquam
1191 2107 1275 2152 novo
1302 2085 1420 2152 funda-

240 2211 345 2270 mento
368 2209 587 2289 superstructa
609 2224 680 2270 oum
697 2203 878 2289 Sophoclea
900 2204 1006 2270 studia
1027 2206 1067 2270 ab
1091 2225 1128 2271 eo
1144 2226 1228 2271 anno
1244 2207 1420 2272 laetissima

238 2325 434 2390 incrementa
456 2324 623 2408 cepissent,
650 2324 766 2409 prioris
781 2326 895 2392 aetatis
912 2326 1193 2392 commentationes
1209 2325 1310 2393 omitti
1325 2345 1420 2411 posse

238 2445 439 2526 videbantur,
464 2443 510 2509 ita
532 2451 639 2510 tamen
662 2451 697 2510 ut
720 2465 801 2529 quae
824 2446 864 2511 ab
887 2446 1016 2511 ineunte
1034 2447 1163 2512 saeculo
1185 2446 1290 2512 editae
1312 2455 1421 2513 essent
1488 2496 1490 2504 .

239 2572 313 2631 ante
336 2565 467 2647 singula
489 2564 562 2631 libri
584 2565 647 2664 mei
669 2565 776 2649 capita
797 2564 1085 2651 bibliographicam
1108 2568 1264 2632 rationem
1292 2573 1420 2633 secutus

240 2685 415 2751 minoribus
437 2685 523 2770 typis
553 2685 744 2751 indicandas
772 2705 927 2752 curarem.
975 2687 1080 2769 Atque
1101 2687 1133 2750 in
1156 2687 1261 2753 indice
1291 2687 1420 2770 quidem

239 2809 308 2891 ipso
338 2806 556 2891 componendo
592 2805 638 2871 ita
668 2812 815 2872 vorsatus
842 2825 911 2872 sum
948 2813 1072 2872 utnon
1102 2813 1226 2873 tantum
1255 2815 1419 2875 auctorum

238 2927 368 2992 nomina
388 2925 565 2991 litterarum
588 2925 699 2992 ordine
722 2933 847 2992 servato
870 2926 1047 3010 digererem
1070 2926 1239 2993 sedetiam
1254 2928 1418 2994 materiam

239 3048 344 3132 ipsam
375 3047 552 3130 generatim
588 3045 726 3112 divisam
753 3065 961 3132 proponerem
989 3066 1093 3129 neque
1123 3048 1299 3115 omitterem
1336 3068 1418 3130 quae

238 3167 279 3232 de
301 3167 401 3260 tribus
425 3165 610 3248 tragoediae
632 3166 831 3252 principibus
855 3167 975 3253 scripta
996 3187 1146 3250 magnam
1164 3175 1287 3251 partem
1302 3167 1344 3233 ad
1360 3167 1420 3232 So-

238 3285 361 3372 phoclis
385 3285 511 3352 fabulas
534 3293 618 3352 recte
639 3285 873 3370 intellegendas
897 3287 1189 3370 existimandasque
1211 3287 1417 3372 pertinerent.

149 3441 152 3450 =
240 3407 298 3473 (lui
321 3407 619 3472 commentationum
640 3405 740 3471 indici
769 3395 854 3488 quod
877 3408 1010 3472 alterum
1031 3407 1169 3473 indicem
1191 3408 1332 3473 locorum
1354 3414 1421 3472 tra-

169 3536 174 3546 '
239 3533 395 3592 otatornm
424 3525 617 3607 sufficerem,
655 3532 766 3592 auctor
794 3525 873 3591 mihi
902 3527 1050 3593 extiterat
1071 3527 1272 3594 Hermaunus
1293 3526 1416 3606 Bonita,

240 3667 334 3729 quem
356 3654 431 3712 tuno
453 3645 556 3731 ipsius
579 3646 705 3730 collegii
728 3653 759 3712 et
781 3647 919 3712 muneris
949 3647 1186 3712 necessitudine
1219 3648 1417 3728 coniunctus

166 3773 173 3778 “
237 3787 321 3834 nunc
343 3767 461 3833 absens
483 3787 547 3831 non
576 3765 681 3831 minus
704 3766 822 3850 pietate
846 3774 877 3832 et
899 3765 1039 3833 amicitia
1061 3738 1237 3852 prosequor
1259 3775 1291 3835 et
1306 3768 1417 3851 diligo.

240 3888 337 3953 Onius
361 3886 476 3953 summi
497 3885 558 3952 viri
579 3887 800 3952 anctoritatem
815 3888 960 3954 lubenter
983 3894 1110 3954 secutus
1132 3888 1272 3955 locorum
1301 3893 1420 3954 tracta-

237 4014 339 4072 torum
367 4006 504 4073 indicem
535 4006 582 4071 ita
614 4007 734 4083 confeci
768 4015 802 4073 ut
832 4008 967 4092 singulis
1007 4008 1257 4091 uniuscuiusque
1290 4007 1419 4073 fabulae

237 4128 382 4193 versibus
411 4127 625 4195 adscriberem
654 4147 803 4193 numeros
825 4139 934 4194 earum
964 4129 1263 4195 commentationum
1291 4129 1325 4192 in
1348 4128 1419 4211 qui-

238 4248 296 4312 bus
320 4267 374 4313 eos
396 4253 547 4314 tractatos
569 4249 763 4314 inveneram.
810 4247 893 4314 Nam
916 4247 1011 4314 facile
1040 4249 1266 4331 intellegebam
1295 4247 1363 4314 iore
1385 4254 1420 4312 ut

240 4367 309 4433 sine
333 4367 488 4435 eiusmodi
511 4367 703 4435 adminiculo
726 4367 797 4453 ipse
820 4368 1117 4434 commentationum
1150 4367 1247 4434 index
1265 4387 1332 4464 uon
1366 4387 1420 4435 eos
