3268 4906
338 127 374 240 1,
435 100 530 210 ccli
579 91 643 194 S.
705 97 887 237 impleta
939 108 993 188 ρ1·
1043 97 1248 192 Silices&

506 299 530 345 1.
577 297 687 344 monn
709 291 1038 344 commnrffloncn.
1331 274 1366 334 11

181 471 238 538 des
261 469 486 554 griechischen
508 467 716 552 hauerspiels
739 466 806 532 und
828 465 927 530 usbar
948 462 1001 528 die
1026 461 1165 528 sitiliche
1187 461 1373 546 bedeutung

182 574 240 642 des
263 573 461 659 Sophocles.)
488 574 599 656 Pr0gr.
625 591 735 657 gymn.
760 567 934 635 Wsrasdin
959 567 1051 630 1864.
1077 569 1121 628 4⁰.

267 679 319 742 90.
346 685 510 752 Wegnen
540 675 626 740 Guil.
660 669 759 739 ueber
787 671 905 738 anzahl
933 667 999 735 und
1020 688 1138 734 namen
1166 668 1224 733 der
1246 668 1372 754 Sopho-

182 801 278 848 censc
302 800 343 846 en
365 780 489 846 stricke.
515 779 565 843 in:
598 775 781 843 Zeilsohrifl
803 775 854 839 ihr
876 771 1302 839 Allerthumswisscnschaft
1322 773 1372 837 IX

185 885 226 968 (a.
249 884 355 967 1851.)
382 904 431 948 ιι.
458 885 509 947 34.
530 885 581 946 35.
608 903 641 966 p.
668 880 861 945 nce-2741

269 991 321 1052 91.
346 994 565 1068 wiedmsnn,
598 984 638 1050 A.
665 982 839 1069 Sophocles
868 979 908 1045 de
939 977 1069 1045 civitate
1092 998 1130 1044 ac
1151 977 1220 1044 vita
1241 980 1371 1064 publica

181 1091 260 1175 quid
282 1087 430 1156 senserit.
454 1087 590 1154 Dissert.
616 1086 727 1170 inaug.
753 1086 893 1150 Bonnae.
923 1085 1015 1147 1865.
1042 1085 1086 1148 8⁰.
1113 1085 1152 1146 53
1168 1104 1223 1167 pp.

344 1330 392 1378 VI·
439 1329 485 1376 Da
508 1328 597 1376 ARTE
620 1325 805 1376 soeflocms
823 1323 972 1374 TRAGICA
994 1324 1038 1372 ΕΤ
1053 1323 1205 1374 SCENICA.

284 1450 329 1504 Ab
347 1467 371 1503 a.
394 1450 577 1501 181111-1836
595 1463 627 1500 ea
645 1447 679 1500 de
701 1463 731 1498 re
748 1445 796 1516 qui
813 1445 980 1516 scripserunt
998 1446 1082 1502 allero
1101 1447 1195 1502 hosce:

286 1533 486 1598 Heinriohs,
505 1533 543 1587 H.
557 1533 590 1587 F.
610 1532 663 1586 Gn.
685 1533 733 1588 (las
750 1549 841 1588 wesen
860 1532 908 1586 der
919 1534 1033 1588 antiken
1044 1535 1194 1604 tragoedis,
1212 1535 1242 1590 in
1260 1534 1369 1589 oesthe-

216 1623 324 1678 tischen
341 1619 538 1690 vorlesungen‚
559 1618 756 1688 durchgessrhrt
775 1635 810 1672 an
829 1619 882 1672 den
900 1619 1000 1674 beiden
1014 1621 1135 1691 Oedipus
1153 1621 1202 1675 des
1221 1619 1369 1692 Sophocles

171 1715 179 1734 ⁸
215 1709 253 1764 im
271 1706 451 1777 allgemeinen
473 1705 532 1760 und
549 1723 584 1759 an
602 1705 651 1759 der
667 1705 807 1775 Antigona
824 1705 1028 1760 insbesondere.
1049 1704 1130 1760 Helle
1151 1708 1226 1759 1827.
1250 1705 1367 1770 (Muehl-

219 1797 320 1859 mann).
344 1793 434 1845 120111.
466 1822 496 1831 -
524 1791 726 1856 Hoffmann,
756 1788 819 1844 Carl
836 1791 906 1844 Joh.
930 1792 979 1846 das
1002 1791 1296 1846 nichtvorhandensein
1321 1793 1369 1845 der

218 1878 427 1935 schicksalsidee
444 1877 474 1931 in
494 1877 542 1931 der
560 1876 634 1932 alten
652 1877 753 1942 kunst,
773 1878 978 1947 nachgerriesen
998 1895 1041 1934 am
1059 1877 1162 1948 koenig
1180 1877 1309 1948 Oedipus·
1321 1878 1369 1932 des

218 1965 374 2037 Sophocles.
393 1963 487 2018 Berlin
507 1965 582 2016 1832.
607 1965 647 2029 (L.
663 1963 836 2033 Oehmiglre.)
859 1965 887 2016 8⁰
899 1981 935 2016 m.
954 1993 989 2003 -
1006 1963 1367 2034 Limburg·Brouwer‚

216 2053 277 2106 Pet.
297 2069 359 2106 ran.
385 2057 529 2104 comment.
551 2049 585 2102 de
599 2050 704 2104 ratione
723 2066 777 2119 qua
794 2049 878 2122 Soph.
898 2057 1021 2105 veterum
1039 2051 1073 2104 de
1091 2050 1324 2106 administratione
1342 2059 1371 2106 et

216 2137 320 2193 iustitis
345 2136 437 2191 divina
460 2136 618 2190 notionibus
645 2153 711 2190 usus
738 2141 779 2190 est
802 2136 837 2189 ad
859 2134 1026 2206 voluptatem
1049 2135 1182 2205 tragicam
1205 2137 1367 2206 augendam.

220 2224 311 2294 Lugd.
332 2215 393 2278 Bal.
416 2225 491 2276 1820.
513 2222 548 2276 8⁰.
572 2223 620 2274 169
630 2239 675 2292 pp.
694 2251 731 2259 -
747 2219 928 2286 Michelet,
949 2221 979 2276 C.
999 2223 1032 2275 L.
1054 2221 1088 2276 de
1107 2221 1251 2294 Sophoclei
1267 2222 1372 2292 ingenii

217 2309 357 2384 principio.
377 2309 473 2380 Progr.
495 2325 587 2378 gymn.
606 2305 800 2361 Franco-Gall.
820 2307 940 2362 Berolini
960 2310 1034 2361 1830.
1054 2309 1091 2361 4⁰.
1114 2311 1201 2379 lsspp.

194 2485 203 2498 ,
271 2417 324 2478 92.
349 2420 479 2488 Bergk,
509 2409 707 2477 Theodorus.
741 2409 781 2476 de
805 2409 973 2496 Sophoclis
1001 2417 1115 2496 poetae
1144 2411 1257 2498 tragici
1289 2419 1370 2480 arte.

184 2517 333 2600 Friburgi
366 2518 459 2580 1857.
489 2513 557 2581 ind.
589 2516 676 2580 lectt.
709 2513 875 2578 universit.
908 2519 952 2578 4⁰.
989 2514 1113 2598 (iterum
1134 2515 1316 2600 inpressum
1337 2516 1371 2583 in

184 2620 322 2688 editione
344 2619 583 2704 tragoediarum
605 2637 635 2682 a.
664 2617 771 2700 1858.)

270 2727 322 2788 93.
347 2729 514 2796 nefiano,
539 2721 580 2788 de
603 2719 829 2806 stichomythia
851 2721 1056 2806 tragicorum.
1082 2721 1193 2806 Pr0gr.
1219 2742 1369 2808 gymnas.

183 2826 327 2894 Stendal.
356 2828 449 2891 1865.
474 2830 519 2890 4⁰.

270 2933 322 2994 84.
353 2937 531 3002 Rusones,
562 2927 764 2994 Francisous.
802 2927 926 3009 einiges
955 2947 1011 2992 zur
1037 2927 1283 2995 characteristik
1312 2928 1370 2995 des

185 3032 298 3099 chores
321 3031 378 3098 der
400 3032 489 3097 allen
510 3029 732 3114 griechischen
754 3028 920 3113 tragoedis
934 3030 1200 3116 milbesondercr
1214 3031 1372 3098 berueok-

186 3135 369 3218 sichtignng
398 3134 456 3200 des
487 3133 673 3220 Sophocles.
705 3133 815 3216 Progr.
846 3153 995 3218 gymnas.
1028 3133 1131 3221 Leipa
1164 3133 1369 3220 [Bohemiael.

186 3241 279 3304 1863.
306 3243 348 3301 4⁰.

273 3345 325 3406 95.
351 3348 579 3418 Jungewirth,
601 3339 662 3405 Th.
688 3339 748 3405 Th.
774 3341 834 3406 das
856 3345 1056 3424 sogenannle
1078 3339 1318 3425 einlagegesetz
1340 3341 1374 3408 in

185 3443 249 3510 den
270 3444 458 3528 tragoedien
486 3444 543 3510 des
567 3441 756 3528 Sophokles.
792 3444 855 3510 Ilin
883 3443 1009 3526 baitrag
1036 3463 1093 3508 zur
1121 3443 1291 3510 kenntnisz
1317 3444 1375 3510 der

187 3546 375 3613 oekonomie
390 3547 447 3613 der
462 3544 684 3630 griechischen
698 3546 873 3630 tragoedia
894 3547 1004 3629 Progr.
1023 3565 1134 3631 gymn.
1159 3546 1259 3612 Melk.
1279 3549 1372 3612 1871.

291 3665 317 3718 p.
340 3651 433 3701 1-17
457 3647 497 3702 rei
521 3648 663 3702 universae
685 3647 850 3702 lineamenta
871 3655 1021 3719 ponuntur.
1047 3666 1075 3719 p.
1101 3650 1219 3702 17-34.
1244 3648 1283 3704 rei
1306 3648 1376 3703 ratio

223 3741 358 3806 quatenus
376 3741 504 3789 cernatur
519 3735 549 3789 in
567 3732 682 3802 singulis
694 3733 796 3788 fabulis
815 3735 1026 3789 demonstratur.
1046 3742 1111 3805 etp.
1129 3729 1279 3788 11-1111
1291 3733 1376 3790 Aiace

221 3821 346 3891 quidem,
374 3839 400 3892 p.
422 3823 452 3874 21
467 3837 506 3890 sq.
526 3820 555 3874 in
573 3820 740 3885 Philocteta,
770 3837 799 3892 p.
820 3823 932 3874 22-25
951 3820 980 3874 in
999 3819 1068 3874 Oed.
1088 3821 1142 3886 R.‚
1170 3839 1197 3892 p.
1218 3823 1327 3874 25—37
1347 3821 1377 3874 in

221 3904 390 3971 Oeneos,
415 3923 442 3976 p.
464 3907 577 3960 27-29
600 3903 630 3958 in
653 3905 809 3976 Antigona,
835 3924 861 3977 p.
883 3907 994 3958 29-31
1020 3905 1049 3960 in
1068 3905 1191 3972 Electra,
1214 3923 1241 3976 p.
1262 3908 1376 3960 31-31

221 3991 250 4046 11
268 3991 427 4048 'lhaohiniis

275 4081 327 4144 96.
352 4086 518 4153 manner,
542 4076 616 4144 Chr.
642 4079 715 4145 Alb.
742 4079 782 4144 de
801 4078 897 4145 choro
913 4078 1102 4166 Sophocleo.
1128 4079 1239 4162 Progr.
1264 4097 1375 4165 gymn.

186 4181 263 4249 Kiel
289 4186 382 4248 1840.
400 4187 443 4247 4⁰.

273 4289 325 4352 97.
349 4293 465 4362 Kook,
488 4284 686 4354 Theodorus.
705 4283 951 4370 Sophocleische
974 4284 1113 4352 studien.
1138 4285 1166 4352 1.
1199 4285 1298 4352 neber
1316 4285 1379 4352 den
